2044 3137
406 188 571 213 HElNfflei
594 188 650 214 Vll.
672 188 994 216 ‹·0Ns'1'1TL‘T1‹1›NEs.
1032 190 1104 216 1310.
1145 190 1217 216 1311.
1254 190 1300 216 Nr.
1315 191 1372 216 514.
1391 191 1448 216 515.
1689 195 1748 222 475

102 280 135 306 et
159 275 227 307 erit.
253 278 285 304 et
309 273 381 304 ideo
406 274 447 304 ad
472 274 549 305 illud
574 275 658 315 quod
683 276 872 315 sciebamus,
898 276 929 306 id
954 282 1001 306 est
1018 276 1057 306 de
1083 280 1229 311 tractatu,
1255 277 1403 307 tradebat
1426 277 1516 307 nobis
1542 277 1620 308 duos
1644 278 1746 308 cardi-

100 327 190 358 nales
213 325 438 356 Tusculanum.
463 326 673 366 Brugensem.
699 327 828 357 fratrem
851 327 1017 358 Nicolaum
1043 332 1073 358 et
1099 328 1405 363 vicecancellarium.
1430 340 1501 359 cum
1526 329 1639 369 quibus
1664 334 1745 360 trac-

100 382 241 409 taremus
277 382 308 408 et
342 377 402 417 ipsi
437 386 637 418 apponerent
666 378 830 408 eonsilium
861 390 956 419 super
988 380 1063 409 istis.
1112 380 1162 410 Ad
1186 390 1265 420 quos
1295 381 1376 410 inter
1401 380 1681 412 Circumcisionem
1715 388 1747 412 et

99 429 314 471 Epiphaniam
340 428 540 459 accedemus.

67 494 78 512 ⁵
207 483 256 511 20.
286 482 352 518 (25)
382 480 464 510 Item
493 481 551 511 liae
585 481 636 511 die
661 482 743 511 circa
769 482 936 522 prandium
961 483 1045 513 misit
1069 482 1215 513 dominus
1239 483 1408 513 cardinalis
1432 484 1605 523 Brugensis
1629 485 1669 515 ad
1695 495 1745 515 mc
1764 494 1814 514 nec.
1829 498 1862 516 2³.

100 533 301 574 episcopum,
332 536 366 562 ut
394 536 466 572 post
493 532 661 572 prandium
694 534 801 563 statim
830 534 871 564 ad
895 544 967 564 eum
992 535 1071 565 irem
1096 546 1151 575 pro
1176 535 1309 575 neg-(mio
1335 535 1409 566 dieti
1434 539 1619 570 tractatusu.
1651 540 1682 567 et
1706 537 1746 566 ivi

98 584 257 616 mandatis
281 584 410 614 domino
428 583 588 620 Gosfrido.
614 585 773 625 magistris
790 585 894 616 Alano
919 590 951 616 et
975 586 1102 617 officiali
1127 586 1340 627 Par-(isiensi).
1382 588 1442 622 Qui
1467 588 1600 618 multum
1625 589 1746 620 institit.

98 641 134 667 ut
162 635 222 666 sibi
251 635 374 676 aliquas
398 636 465 666 vias
493 637 692 676 aperiremus
725 637 765 666 ad
802 641 988 669 tractatum:
1024 639 1074 668 eui
1108 639 1262 678 diximus,
1296 639 1381 679 quod
1417 641 1519 680 magis
1554 644 1747 671 tractaverat

98 688 268 729 negocium
293 698 389 728 quam
421 698 494 719 nos.
523 689 576 728 qui
609 688 763 719 honorem
788 694 927 720 vestrum
957 690 1096 721 debebat
1127 690 1260 731 diligere
1290 695 1321 721 et
1355 691 1465 723 zelari.
1504 696 1535 721 et
1570 692 1642 722 ideo
1678 693 1746 732 ipse

57 750 80 769 ιο
99 740 256 781 cogitaret
287 744 319 770 et
348 739 439 769 nobis
468 739 535 769 vias
566 740 716 780 aperiret.
764 740 824 776 Qui
855 741 947 771 dixit:
984 741 1110 772 'Nescio
1139 742 1196 772 nisi
1226 743 1393 783 aperiatis,
1430 744 1503 784 quia
1535 744 1645 774 ultimo
1675 755 1745 775 cum

99 791 228 823 domino
263 801 336 822 meo
372 801 449 832 rege
485 795 517 822 et
552 802 608 822 suo
638 792 768 823 consilio
798 792 898 833 loquti
927 793 1048 824 fuistis'.
1097 792 1155 823 Cui
1184 798 1256 824 tunc
1286 794 1438 834 diximus,
1468 795 1553 835 quod
1582 806 1745 836 quousque

100 846 185 874 esset
208 843 374 874 consilium
399 843 581 884 appositum
606 844 636 873 in
661 845 860 884 attemptatis
885 848 917 875 et
941 845 1132 876 falsitatibus
1156 848 1378 887 suprascriptis
1396 852 1427 878 et
1451 849 1558 879 taliter
1574 850 1744 889 provisum.

100 895 186 936 quod
210 894 341 926 cederet
365 895 405 925 ad
430 894 559 925 laudem
583 895 659 933 Dei.
688 895 864 936 apostolice
895 896 979 927 sedis
1006 899 1224 928 reverenciam
1256 903 1287 929 et
1312 903 1449 929 vestrum
1479 900 1649 937 honorem„
1685 911 1744 930 non

100 946 248 978 decebat.
295 946 357 982 Qui
382 946 552 977 cardinalis
576 947 678 987 petiit.
704 947 779 987 quid
804 947 889 977 fierir
914 948 1114 988 petebamus,
1220 953 1285 987 (26)
1312 949 1369 980 Cui
1394 961 1461 981 nos:
1488 962 1549 981 non
1573 956 1606 981 ut
1630 953 1744 983 nuncii.

56 1008 78 1026 ιδ
99 998 157 1030 sed
179 1002 214 1030 ut
238 999 361 1040 private
386 1008 522 1039 persone
547 998 753 1029 crederemus
777 999 861 1040 quod
887 1004 1060 1040 oporteret,
1085 1004 1150 1031 tam
1174 1001 1351 1031 cardinales
1375 1002 1624 1039 Bonifacian('‹1›st
1650 1014 1744 1044 quam

98 1050 271 1082 offerentes
295 1061 329 1081 se
354 1050 532 1081 defensioni
557 1050 731 1081 solenniter
755 1055 787 1081 et
811 1051 938 1091 publice
963 1052 1130 1082 mendacia
1155 1063 1211 1083 sua
1235 1063 1401 1088 revocare,
1431 1054 1546 1084 iustum
1571 1058 1603 1085 et
1627 1054 1743 1085 bonum

97 1103 201 1133 zelum
226 1102 345 1133 domini
369 1103 454 1143 regis
478 1113 709 1143 recognoscere
734 1106 765 1133 et
789 1114 822 1133 se
848 1108 880 1133 et
900 1106 1018 1134 statum
1035 1114 1126 1134 suum
1144 1104 1297 1135 voluntati
1315 1105 1434 1136 domini
1453 1107 1535 1146 regis
1553 1117 1743 1147 supponere.

97 1153 140 1185 Et
162 1157 236 1184 tunc
260 1164 426 1194 possemus
450 1153 492 1184 ad
515 1154 578 1184 alia
602 1153 788 1194 procedere.
822 1154 883 1190 Qui
906 1154 945 1185 de
970 1156 1195 1196 supposicione
1220 1160 1320 1186 status
1344 1157 1475 1187 miratus
1500 1157 1566 1187 fuit.
1599 1157 1744 1188 Diximus

96 1209 205 1237 tamen
230 1206 273 1246 ei,
305 1205 390 1246 quod
414 1206 572 1246 cogitaret
595 1216 692 1247 super
721 1206 780 1236 hiis
811 1210 843 1236 et
867 1206 908 1237 ad
931 1207 1034 1247 ipsum
1059 1209 1274 1248 suprascripto
1299 1213 1444 1249 tempore
1469 1210 1658 1240 veniremus

53 1267 79 1286 πο
205 1259 254 1289 21.
280 1257 322 1288 Et
336 1258 516 1290 miramars.
542 1257 628 1298 quod
646 1257 792 1288 dominus
810 1257 1000 1288 Guillelmus
1017 1258 1106 1289 dedit
1130 1259 1280 1290 oblivioni
1306 1259 1467 1291 dimittere
1492 1261 1581 1291 nobis
1606 1261 1743 1292 litteram

96 1319 156 1351 per
179 1309 360 1340 dominums
383 1309 661 1350 archiepiscopum
687 1313 718 1340 et
742 1310 821 1340 alios
846 1314 1033 1342 correctam.
1058 1311 1138 1341 sicut
1162 1311 1256 1341 scitis.

205 1361 340 1392 Tribuat
362 1361 453 1392 vobis
478 1361 689 1402 Omnipotens
714 1372 878 1392 successus
903 1373 1072 1403 prosperos
1098 1367 1129 1393 et
1154 1363 1273 1394 felices.

204 1412 365 1455 Scriptum
388 1414 546 1447 Avinion..
571 1415 603 1444 in
626 1414 734 1455 vigilia
759 1415 932 1445 nativitatis
957 1414 1085 1445 Domini
1110 1415 1150 1446 J}

131 1551 209 1583 515.
247 1551 487 1583 LITTERAE
509 1552 775 1584 PONTIFICLs
800 1552 919 1584 REGI
940 1552 1187 1584 FRANCIAE
1208 1553 1388 1585 MISSAE.
1438 1557 1528 1585 1311.
1565 1555 1636 1586 Ian.
1657 1556 1704 1586 11).

52 1635 76 1654 25
204 1620 386 1660 Repetimus
409 1621 573 1652 editionem
596 1624 737 1652 nostram
755 1622 868 1653 ‘Neues
885 1621 1010 1652 Archiv*
1034 1622 1164 1654 XXIX.
1191 1626 1252 1653 027
1276 1634 1323 1654 nr.
1342 1625 1360 1652 Γ)
1378 1626 1539 1662 paratam,
1564 1636 1643 1663 qnae
1667 1625 1742 1655 uio-

96 1675 150 1704 ίαν
165 1673 358 1713 autoyrapho
375 1673 529 1704 tabularii
545 1673 693 1705 Pansam·
709 1674 840 1705 ‘Carion
859 1673 896 1704 L.
914 1674 987 1704 294*
1005 1685 1053 1705 ην.
1070 1678 1112 1704 33
1127 1675 1258 1713 sigmate.
1285 1675 1324 1705 Iu
1348 1686 1432 1706 verso
1449 1675 1611 1715 leputatur:
1635 1677 1740 1707 Caris-

95 1726 175 1756 simo
199 1726 230 1756 in
254 1726 380 1757 Christo
404 1726 469 1756 filio
494 1726 644 1767 Philippo
670 1728 738 1768 regi
762 1726 895 1757 Francie
920 1726 1042 1756 illustri.
1091 1725 1208 1757 Pendvt
1232 1726 1315 1757 bulla
1336 1727 1481 1766 plumbea
1505 1727 1558 1766 silo
1581 1729 1741 1759 cannabis.

98 1777 145 1816 (Υ.
170 1777 260 1816 iufra
282 1777 326 1808 ad
347 1788 377 1809 α.
396 1779 487 1809 1311.
513 1778 604 1809 Febr.
622 1779 673 1809 28.
1452 1779 1505 1817 (P.
1530 1780 1635 1810 deest.)

203 1872 352 1904 Clemens
383 1874 552 1914 episcopus
581 1884 690 1904 servus
719 1884 881 1903 servorum
907 1873 967 1904 Dei
997 1874 1157 1903 carissimo
1187 1874 1217 1903 in
1243 1873 1368 1904 Christo
1401 1874 1464 1905 tilio
1493 1875 1643 1915 Philippo
1675 1876 1742 1915 regi

53 1933 77 1953 ³0
95 1923 231 1956 Francie
256 1925 369 1955 illustri
394 1925 529 1956 salutem
555 1930 587 1956 et
611 1925 821 1966 apostolicam
846 1925 1136 1956 l)enedi(·tioneiii².

204 1987 249 2025 (1)
274 1986 422 2017 Litteras.
448 1996 526 2027 quas
549 1985 640 2016 nobis
664 1989 719 2016 tua
744 1986 937 2016 excellentia
961 1986 1131 2016 destinavit
1156 1985 1246 2016 datas
1272 1986 1410 2017 Corbolii
1430 1987 1504 2017 VH.
1530 1987 1581 2017 die
1607 1988 1741 2018 intrante
1760 1999 1805 2017 nm.
1820 2000 1837 2018 τ.

96 2036 274 2077 Ianuario¹⁷
308 2038 353 2068 eri
376 2037 500 2068 XVIII.
527 2037 578 2068 die
608 2037 751 2068 eiusdem
781 2039 898 2068 mensis
923 2038 1121 2079 benignitate
1146 2038 1325 2078 recepimus
1350 2042 1501 2069 consueta
1530 2039 1612 2070 inter
1635 2044 1741 2070 cetera
1759 2052 1804 2069 ini.
1822 2053 1852 2070 ιε.

96 2089 305 2125 continentes,
330 2089 415 2130 quod
434 2089 594 2130 quendam
619 2089 657 2119 de
683 2089 813 2120 consilio
839 2094 891 2120 tuo
912 2089 1040 2120 fidelem
1065 2100 1121 2130 pro
1147 2091 1241 2120 certis
1265 2091 1396 2120 secretis
1421 2095 1452 2121 et
1476 2090 1582 2121 arduis
1607 2092 1741 2132 negotiis

96 2151 192 2181 super
214 2141 291 2182 ipsis
315 2145 367 2171 tue
385 2142 545 2172 conscium
563 2141 734 2172 voluntatis
751 2142 792 2172 ad
810 2145 949 2172 nostram
967 2141 1171 2182 proponebas
1188 2143 1379 2182 presentiam
1399 2143 1552 2183 evestigio
1571 2143 1741 2173 destinare.

52 2201 76 2220 ³⁵
95 2191 277 2232 supplicans
302 2193 448 2233 quatinus
473 2204 569 2234 super
593 2194 730 2234 negotiis
754 2194 853 2225 Terre
879 2194 994 2225 Sancte
1027 2199 1143 2225 statum
1168 2194 1218 2224 vel
1248 2204 1339 2234 reges
1369 2204 1425 2224 seu
1458 2195 1616 2234 principes
1647 2205 1740 2234 quos-

95 2254 230 2284 cumque
255 2244 460 2286 tangentibus
485 2244 613 2276 diffcrre
639 2245 904 2276 deliberationem
930 2250 1070 2276 nostram
1096 2250 1127 2276 et
1152 2245 1392 2286 expeditionem
1420 2256 1476 2275 seu
1501 2245 1739 2285 dispositionem

95 2295 274 2335 quamlibet
301 2306 410 2327 amore
440 2297 484 2326 tui
509 2307 609 2337 usque
633 2296 674 2327 ad
699 2297 872 2328 adventum
898 2297 1032 2338 predicti
1057 2297 1241 2330 consiliarii.
1272 2297 1323 2337 qui
1349 2297 1467 2327 vicinus
1492 2296 1603 2327 aderit.
1630 2296 1739 2337 digna-

95 2357 210 2377 remur.
257 2347 307 2378 Ad
332 2358 393 2388 que
420 2352 505 2378 tuam
530 2348 799 2389 magnificentiam
825 2350 904 2379 scire
930 2349 1087 2384 volumus,
1113 2349 1198 2389 quod
1222 2360 1317 2389 super
1342 2348 1400 2378 liiis
1424 2352 1455 2377 et
1479 2348 1562 2385 aliis.
1588 2354 1738 2388 quantum

95 2408 166 2429 cum
191 2398 260 2429 Deo
292 2410 473 2440 possumus.
505 2401 648 2441 cupimus
678 2400 935 2431 condescendere
960 2402 1042 2431 votis
1067 2401 1136 2430 tuis.
1192 2402 1235 2438 [2)
1261 2399 1512 2440 Yerumptamen
1539 2407 1568 2429 te
1594 2399 1740 2429 nolumus

52 2459 78 2477 ⁴0
95 2450 258 2491 ignorare.
292 2451 377 2492 quod
414 2462 511 2492 super
542 2452 627 2482 facto
656 2453 869 2483 coronationis
900 2453 1051 2483 carissimi
1082 2453 1111 2482 in
1137 2452 1262 2481 Clu-isto
1292 2451 1344 2481 tilii
1379 2452 1475 2481 nostri
1500 2451 1629 2481 llenriei
1657 2451 1739 2489 regis

95 2501 312 2533 Romanorum
343 2503 474 2534 illustris
506 2508 571 2534 tam
601 2505 699 2544 ipsius
724 2530 755 2535 ..
781 2506 866 2545 regis
896 2515 989 2545 quam
1021 2508 1150 2534 senatus
1181 2507 1213 2533 et
1244 2502 1352 2543 populi
1380 2503 1512 2532 Romani
1545 2502 1738 2542 sollempnes

95 2554 322 2586 ambaxatores
347 2559 379 2586 et
404 2556 512 2589 nuntii.
538 2555 652 2596 prelati
677 2561 709 2587 et
732 2556 784 2587 alii
811 2560 949 2587 nostram
967 2557 1160 2597 presentium
1179 2554 1325 2585 adierunt
1344 2555 1540 2594 requirentes
1557 2565 1592 2584 ac
1618 2554 1736 2594 suppli-

197 2640 260 2666 514.
281 2642 305 2673 q)
325 2642 417 2666 abhinc
436 2647 530 2666 mutam
549 2643 606 2666 stilo
627 2652 663 2667 or.
754 2648 772 2668 ΓΙ
794 2644 819 2667 in
840 2644 893 2667 locu
913 2652 972 2667 raso
991 2643 1102 2674 plurumi
1125 2642 1253 2666 verborum
1276 2650 1312 2665 ον,
1402 2642 1422 2666 ³)
1442 2649 1520 2671 snpra
1542 2641 1632 2664 lineam
1655 2641 1737 2664 ultera

95 2691 173 2708 manu
192 2684 254 2709 add.
273 2694 309 2709 or.
399 2685 416 2713 t)
437 2686 453 2709 J
473 2685 555 2709 altera
576 2694 653 2709 manu
672 2690 813 2710 atramento
832 2686 941 2717 fuscior?
961 2686 1079 2716 scriptum
1101 2694 1136 2709 or.

52 2757 77 2775 4¹³
198 2751 262 2778 515.
283 2756 305 2783 Β)
325 2752 359 2776 bn
380 2762 416 2777 or.

199 2822 224 2853 1)
244 2820 367 2846 Serranae
386 2829 439 2846 ‘non
459 2824 537 2851 sum,-
555 2822 590 2853 cs‘.
611 2821 626 2847 l.
642 2830 662 2847 c.
680 2830 741 2854 pas).
755 2826 803 2847 1537
820 2825 872 2847 not.
891 2827 907 2847 l.

1485 2871 1530 2898 60*
