2044 3137
60 756 84 775 10

58 1023 81 1042 15

59 1283 84 1302 20

59 1541 83 1561 25

58 1803 83 1823 30

59 2063 83 2082 35

60 2327 85 2346 40

61 2596 85 2615 45

501 194 663 220 HEINRn‘I
686 194 744 220 VH.
765 194 1087 220 ‹AJNSTIT[TIONEs.
1128 195 1200 220 1310.
1237 195 1276 220 Xr
1297 196 1354 220 514.
1688 197 1747 225 473

105 280 322 312 Constantino.
349 280 400 320 qui
427 280 560 320 primam
580 280 784 311 donationem
803 281 937 311 ecclesie
963 282 991 312 in
1018 292 1149 322 persona
1178 281 1261 311 beati
1281 281 1423 311 Silvestri
1449 281 1533 312 fecit.
1559 285 1590 311 ct
1614 280 1654 310 ab
1679 280 1748 310 aliis

105 331 350 373 imperatoribus
385 331 666 371 predecessoribus
702 333 779 365 suis,
815 333 910 363 etiam
946 333 1016 363 aliis
1050 333 1192 363 ecclesiis
1229 343 1323 373 quam
1357 332 1501 363 Romane
1537 332 1748 373 approbabat.

105 382 314 415 confirmabat
339 389 370 413 ct
392 382 431 412 de
456 393 537 413 novo
564 383 674 414 dabat.
709 384 898 424 specificati>-
922 385 952 414 in
977 385 1044 425 ipsa
1071 385 1174 415 littera
1200 385 1306 414 multis
1331 384 1543 416 comitatibus.
1568 384 1748 425 provinciis,

104 434 285 466 civitatibus
310 438 341 464 et
365 434 456 464 terris
480 434 564 468 aliis,
601 443 632 465 et
662 435 883 466 nichilominus
913 446 982 466 011111
1013 437 1153 466 clausula
1183 436 1340 476 generali.
1376 437 1564 476 promittens
1597 446 1630 465 se
1668 436 1747 466 infra

105 490 176 518 octo
201 485 278 517 dies.
304 493 473 526 postquam
491 490 661 517 coronatus
685 486 790 526 fuerit7
815 491 952 528 quatuor
969 489 1055 528 paria
1082 488 1258 518 litterarum
1285 487 1425 518 eiusdem
1452 488 1552 518 forme
1576 498 1634 528 per
1657 498 1747 518 suum

102 539 314 569 iuramentum
340 537 468 567 domino
493 548 577 578 pape
602 538 748 568 daturum
775 543 805 568 ct
830 540 1074 579 assignaturum.
1119 540 1199 569 Item
1226 539 1309 580 quod
1335 550 1487 580 personas
1512 539 1630 569 domini
1655 550 1747 580 pape.

102 589 297 621 vassalorum
323 592 354 619 et
379 588 567 619 devotorum
593 589 728 619 ecclesie
753 600 789 619 ac
815 589 1003 621 donationes
1028 591 1197 631 premissas
1222 597 1329 620 contra
1353 601 1462 621 omnes
1479 591 1662 621 defensaret
1686 592 1749 621 suis

101 641 279 682 sumptibus
304 644 335 671 et
360 641 523 680 expensis,
555 644 586 671 et
610 641 700 681 plura
725 641 787 671 alia
812 642 843 671 in
868 642 982 672 eadem
1008 643 1113 672 littera
1138 646 1301 672 contenta.
1328 642 1366 672 dc
1393 642 1505 683 quibus
1529 653 1590 673 non
1614 643 1747 673 multum

103 703 259 731 curamus,
284 702 345 733 que
372 692 476 722 onmia
494 692 668 723 solenniter
689 693 834 724 iuravitl.
871 693 911 723 Et
936 697 1008 724 tunc
1033 695 1191 734 petiimus.
1217 700 1250 724 111
1273 695 1397 734 copiam
1423 695 1599 725 litterarum
1624 695 1747 725 illarum

102 745 193 776 nobis
217 745 293 775 dare
319 744 431 776 vellet.
456 747 490 774 ut
514 754 586 774 eam
610 744 699 774 vobis
724 745 933 776 mitteremus,
958 746 983 776 si
1007 745 1149 786 placeret
1175 746 1213 776 ei.
1262 747 1322 781 Qui
1347 745 1514 776 subridens
1539 746 1633 776 nichil
1659 746 1747 776 dixit.

212 807 258 835 15.
285 807 350 842 (19)
375 803 425 833 De
450 804 652 834 matrimonio
678 814 752 835 vero
778 805 947 845 proloquto
972 806 1054 836 inter
1078 805 1195 836 liberos
1220 805 1377 836 dictorum
1402 816 1512 846 regum
1530 806 1748 837 Romanorum

102 860 134 889 et
158 856 265 888 Sicilie.
290 855 454 896 respondit
478 866 577 896 papa.
611 856 696 896 quod
720 867 882 897 nunquam
906 857 1087 888 initiaverat
1110 857 1231 898 aliquid
1256 857 1295 887 de
1321 857 1488 898 predictis.
1519 858 1574 887 sed
1601 858 1653 888 diu
1678 862 1749 899 post

101 909 228 950 loqutus
252 908 357 938 fuerat
381 917 452 937 cum
477 917 514 937 eo
539 917 636 948 super
659 908 722 938 illis
746 919 803 938 rex
821 908 928 939 Sicilie
953 912 984 939 et
1006 909 1135 950 quidam
1160 909 1395 940 ambassatores
1420 910 1504 950 regis
1520 910 1747 940 Romanorum.

101 961 131 992 A
155 959 269 1001 quibus
291 958 413 990 audivit
436 969 535 1000 papa⁷
566 964 598 990 ut
624 959 765 999 dicebat,
798 960 882 1001 quod
914 960 1043 1001 quidam
1075 960 1244 991 cardinalis
1268 961 1327 991 1100.
1356 966 1500 991 moverat
1525 965 1557 991 et
1580 962 1749 1002 scripserat

100 1013 169 1054 regi
192 1012 419 1043 Romanorum.
467 1010 508 1041 Et
533 1011 616 1041 dicto
649 1022 706 1052 per
730 1022 802 1042 eum
827 1012 963 1052 pluries.
999 1024 1037 1043 an
1066 1013 1245 1043 nominaret
1274 1023 1360 1045 eum.
1393 1017 1424 1043 et
1453 1013 1631 1043 diceremus
1663 1012 1747 1053 quod

100 1065 158 1104 sic,
192 1063 367 1094 nominavit
390 1073 463 1094 eum
488 1063 594 1099 nobis.
626 1063 777 1094 videlicet
801 1064 953 1094 Iacobum
980 1063 1139 1104 Gagitani.
1186 1063 1227 1094 Et
1251 1069 1322 1105 post
1350 1064 1408 1094 hec
1434 1064 1536 1094 dictus
1561 1075 1617 1095 rex
1642 1064 1747 1095 Sicilie

100 1116 276 1148 declaravit
299 1115 358 1146 sibi
382 1118 554 1146 tractatum
580 1115 655 1146 dicti
679 1116 883 1155 matrimonii,
909 1126 1053 1147 asserens
1078 1116 1163 1156 quod
1181 1115 1271 1146 vobis
1289 1115 1327 1146 de
1345 1115 1403 1145 hoc
1422 1116 1559 1156 petierat
1584 1116 1748 1146 consilium

101 1171 134 1199 et
157 1167 243 1209 quod
266 1167 432 1198 volebatis.
474 1167 532 1198 Cui
557 1167 637 1198 dixit
662 1178 755 1208 papa,
782 1168 867 1209 quod
892 1168 1078 1209 loqueretur
1103 1179 1173 1199 cum
1199 1168 1313 1209 quibus
1338 1167 1461 1198 videret
1486 1168 1650 1208 expedire.
1677 1169 1747 1208 quia

102 1219 143 1251 ad
167 1229 240 1250 eum
268 1230 330 1250 non
361 1219 538 1260 spectabat.
585 1220 816 1250 Verumtamen
846 1219 926 1250 dixit
957 1220 1015 1260 ipsi
1048 1221 1129 1261 regi.
1161 1219 1247 1261 quod
1275 1230 1391 1260 magna
1421 1227 1489 1250 erat
1520 1230 1654 1260 persona
1686 1220 1747 1250 filia

102 1271 178 1302 dicti
202 1272 287 1312 regis
310 1271 528 1302 Romanorum
558 1275 590 1302 et
619 1271 703 1312 quod
733 1271 816 1302 bene
847 1276 932 1302 esset
960 1272 1079 1312 posita.
1116 1272 1141 1302 si
1176 1272 1218 1302 ibi
1244 1276 1342 1302 esset.
1379 1275 1410 1302 et
1439 1271 1523 1312 quod
1552 1271 1624 1301 inde
1650 1272 1747 1302 multa

101 1323 237 1354 comoda
264 1326 414 1364 poterant
445 1323 625 1364 provenire.
673 1322 714 1353 Et
738 1323 958 1364 postmodum.
992 1328 1025 1354 ut
1057 1323 1132 1354 dicit
1157 1334 1255 1364 papa.
1288 1324 1407 1353 reversi
1431 1323 1558 1353 fuerunt
1582 1323 1621 1353 ad
1646 1324 1747 1363 ipsum

101 1375 337 1406 ambassatores
361 1375 525 1416 utriusque
550 1376 644 1416 regis,
670 1375 723 1416 qui
747 1375 939 1416 repetebant
963 1379 1132 1406 tractatum
1151 1375 1226 1406 dicti
1250 1375 1441 1405 matrimonii
1467 1379 1499 1405 et
1523 1375 1749 1415 spccificabant

102 1427 210 1458 dotem
235 1430 268 1458 et
295 1426 494 1462 dotalicium,
530 1427 651 1457 scilicet
682 1427 821 1467 petendo
850 1427 1024 1458 maximam
1054 1438 1208 1458 summam
1239 1427 1307 1457 auri
1338 1430 1370 1456 01
1401 1437 1533 1467 regnum
1560 1427 1747 1457 Arelanfnse

103 1478 242 1510 dandum
266 1478 330 1509 filio
348 1478 424 1509 dieti
449 1479 533 1520 regis
551 1478 669 1516 Sicilie,
694 1479 768 1510 lieet
793 1479 900 1520 aliqua
925 1480 991 1510 iura
1018 1479 1103 1510 idem
1129 1490 1185 1509 rex
1210 1479 1316 1509 Sicilie
1341 1480 1370 1509 in
1396 1489 1433 1509 eo
1459 1478 1579 1509 habere
1605 1478 1748 1510 deberet.

103 1530 331 1562 committendo
355 1534 463 1561 tamen
487 1541 545 1571 per
575 1530 697 1561 litteras
721 1531 780 1572 ipsi
811 1542 911 1572 pape⁷
947 1531 1032 1572 quod
1063 1531 1102 1561 de
1132 1531 1215 1561 dicto
1246 1541 1322 1561 auro
1357 1538 1465 1571 posset
1495 1530 1686 1561 diminuere.
1724 1531 1748 1560 si

102 1582 209 1613 vellet.
255 1582 297 1613 Et
320 1586 427 1613 tamen
451 1593 514 1613 non
531 1585 704 1623 potuerunt
729 1582 768 1613 de
794 1582 868 1613 dote
886 1584 1066 1614 convenire.
1091 1583 1163 1623 quia
1189 1583 1318 1613 nimiam
1343 1593 1499 1613 summam
1524 1583 1592 1612 auri
1616 1583 1748 1623 petebat

102 1645 176 1676 pars
192 1634 269 1665 dicti
292 1635 377 1676 regis
395 1633 501 1664 Sicilie
526 1644 598 1664 cum
624 1633 708 1664 dicto
733 1644 831 1675 regno
849 1634 1042 1666 Arelatensi.
1068 1634 1211 1674 quamvis
1229 1644 1310 1674 papa
1337 1634 1529 1674 persuaserit
1554 1633 1746 1664 consulendo

101 1687 185 1727 parti
207 1686 292 1727 regis
316 1685 433 1724 Sicilie.
459 1685 543 1726 quod
569 1685 759 1716 desisterent
783 1696 800 1716 a
825 1687 903 1716 tanti
928 1687 995 1716 auri
1013 1686 1167 1727 petitione
1193 1689 1224 1716 et
1241 1685 1326 1726 quod
1343 1685 1403 1716 alia
1423 1685 1585 1716 debebant
1601 1686 1746 1716 sufficere

103 1748 173 1768 cum
197 1741 286 1769 tanta
310 1738 479 1779 persona-2.
571 1742 637 1775 (20)
662 1737 721 1768 Cui
750 1748 833 1779 pape
864 1737 945 1768 dixit
974 1739 1142 1778 episcopus
1166 1737 1365 1768 Baiocensis:
1398 1738 1521 1769 *Pateiz
1552 1749 1612 1768 non
1642 1742 1747 1778 potest

101 1790 171 1831 plus
209 1801 267 1821 rex
301 1789 519 1821 Romanorum
555 1789 632 1820 dare
669 1790 787 1820 dictum
817 1790 1006 1820 Arelatense
1034 1795 1199 1830 regnumfl.
1233 1790 1257 1819 si
1292 1790 1331 1819 sit
1364 1800 1510 1830 regnum.
1550 1800 1642 1830 quam
1680 1791 1746 1830 ipse

102 1843 271 1883 episcopus
300 1853 398 1872 unum
423 1841 559 1873 ecclesie
584 1852 640 1872 sue
666 1848 822 1881 castrum,
853 1842 911 1872 nisi
940 1852 998 1882 per
1025 1842 1127 1882 ipsum
1153 1852 1270 1882 papam
1294 1840 1396 1872 fierit‘.
1442 1841 1525 1871 Item
1550 1841 1629 1871 dixit
1653 1852 1746 1882 papa.

102 1893 187 1935 quod
211 1898 284 1925 tunc
309 1897 509 1925 recesserunt
539 1893 579 1924 ab
610 1904 648 1924 eo
680 1898 711 1924 et
735 1894 904 1924 terminum
929 1894 1012 1924 inter
1035 1904 1068 1924 se
1094 1893 1304 1924 condixerunt
1328 1893 1366 1923 de
1392 1893 1608 1924 conveniendo
1634 1904 1690 1934 per
1713 1904 1746 1923 se

101 1945 153 1976 vel
176 1956 234 1986 per
257 1945 492 1977 ambassatores
521 1945 647 1976 insimul
671 1946 701 1976 in
726 1945 874 1985 octabas)
901 1945 1050 1976 Omnium
1080 1950 1270 1975 sanctorum.
1316 1944 1366 1975 De
1397 1944 1511 1986 quibus
1541 1944 1634 1979 dixit,
1664 1945 1746 1986 quod

102 1997 132 2027 in
157 1997 262 2028 anima
287 2007 343 2028 sua
360 2000 473 2038 postea
498 1997 619 2038 aliquid
643 2008 704 2027 non
722 1997 897 2031 audiverat.
922 1997 962 2028 ad
984 2007 1073 2028 suam
1091 1997 1332 2027 excusationem
1350 1996 1553 2037 pretendens,
1578 1996 1663 2038 quod
1688 2008 1747 2027 non

102 2052 251 2089 potuerat
281 2049 458 2090 denegare,
496 2049 569 2090 quin
602 2052 689 2080 tante
721 2060 857 2090 persone
888 2059 995 2080 coram
1026 2050 1094 2090 ipso
1126 2060 1207 2090 papa
1240 2052 1413 2079 tractarent
1439 2053 1470 2079 et
1494 2048 1579 2090 quod
1604 2048 1749 2079 erederet

102 2110 219 2141 pecare
243 2101 434 2136 mortaliter,
468 2101 493 2131 si
518 2101 637 2131 dictum
662 2102 899 2132 matrimonium
923 2101 1110 2142 impediret.
1143 2111 1182 2131 ex
1215 2111 1277 2141 quo
1309 2111 1371 2141 pax
1400 2101 1483 2131 inter
1507 2100 1693 2131 Guibelinos
1719 2105 1750 2131 et

103 2151 237 2183 Guelfos
261 2156 389 2193 poterat
413 2153 592 2193 provenire.

212 2214 259 2243 16.
289 2214 355 2251 (21)
384 2212 462 2244 Post
486 2214 544 2244 hec
569 2214 731 2253 articulos,
756 2225 834 2254 quos
859 2213 1058 2244 habebamus
1083 2224 1271 2254 promovere
1296 2212 1380 2253 apud
1406 2213 1507 2253 ipsum
1534 2223 1666 2253 papam„
1691 2212 1748 2242 sibi

104 2264 318 2304 exposuimus
367 2265 428 2300 Qui
453 2268 525 2306 post
548 2265 666 2296 multas
690 2266 912 2306 responsiones
937 2265 1050 2303 factas,
1083 2276 1160 2306 quas
1185 2265 1282 2295 voluit
1307 2264 1427 2295 habere
1453 2276 1508 2305 pro
1534 2275 1594 2294 non
1619 2275 1748 2304 respon-

104 2315 254 2355 sionibus7
279 2315 369 2349 dixit.
395 2316 480 2357 quod
505 2317 655 2347 articulos
680 2316 830 2348 daremus
854 2318 884 2347 in
908 2318 1025 2357 scripto
1052 2321 1083 2347 et
1107 2317 1174 2357 ipse
1199 2316 1410 2357 responderet
1434 2317 1463 2346 in
1488 2316 1622 2356 scriptis.
1656 2315 1747 2350 Quod

104 2367 236 2398 fecimus
261 2369 404 2408 quamvis
428 2379 489 2398 non
514 2368 694 2404 voluntarii,
719 2379 791 2399 cum
815 2380 877 2399 non
902 2369 942 2399 sit
966 2369 1072 2402 moris,
1098 2372 1129 2399 et
1153 2369 1254 2398 tenuit
1278 2369 1306 2397 in
1333 2378 1485 2408 suspenso
1511 2378 1567 2407 per
1592 2367 1653 2397 XV
1671 2367 1748 2398 dics.

104 2419 248 2459 quamvis
272 2419 462 2450 instaremus
487 2419 673 2460 frequenter
695 2431 752 2461 pro
776 2421 982 2461 responsione
1011 2419 1170 2450 habenda.
1216 2419 1257 2450 Et
1286 2419 1414 2449 tandem
1446 2419 1621 2459 respondit.
1654 2426 1747 2459 prout

103 2471 135 2500 in
158 2471 262 2501 rotulo
273 2470 295 2510 ³,
321 2481 416 2512 quem
441 2471 540 2501 habet
564 2471 711 2502 dominus
735 2472 937 2511 Guillelnms,
963 2473 1150 2502 continetur.

193 2533 240 2561 17.
269 2532 335 2569 (22)
366 2530 432 2561 Nos
463 2534 569 2562 autem
599 2533 682 2562 inter
711 2543 816 2563 moras
850 2532 1030 2563 huiusmodi
1060 2532 1178 2562 amicos
1209 2532 1274 2561 sive
1309 2539 1398 2560 notos
1422 2536 1545 2560 nostros
1570 2530 1746 2560 cardinales

105 2582 299 2613 visitavimus
329 2586 360 2613 et
391 2583 474 2613 inter
507 2582 586 2614 alios
619 2583 779 2615 dominum
805 2584 841 2615 P.
867 2584 906 2615 dc
932 2583 1065 2624 Capella
1097 2582 1289 2613 cardinalem
1316 2582 1552 2612 Penestrinum.
1582 2582 1633 2622 qui
1662 2581 1746 2611 solus

105 2634 300 2674 promocioni
333 2634 417 2674 regis
441 2633 659 2665 Romanorum
690 2635 731 2666 ad
761 2646 910 2666 coronam
944 2636 1082 2676 imperii.
1118 2638 1152 2664 ut
1183 2634 1410 2665 intelleximus.
1447 2633 1652 2664 contradixit.
1690 2633 1744 2663 sed

208 2736 272 2762 514.
292 2741 316 2764 ¹¹)
336 2738 448 2769 sequitur
468 2746 544 2770 quaxn
564 2739 670 2763 deletum
691 2749 727 2764 or,

209 2823 233 2851 1)
254 2826 316 2848 1310
339 2821 391 2848 Oet.
407 2827 442 2848 11.
481 2823 521 2853 Cf.
540 2831 622 2856 supra
644 2832 684 2850 nr.
699 2829 752 2850 454.
848 2826 873 2855 2¹1
898 2825 936 2857 (ff.
956 2831 1037 2856 supra
1058 2831 1097 2848 nr.
1112 2826 1162 2848 467
1179 2830 1236 2855 cap.
1252 2826 1270 2847 7.
1358 2822 1383 2849 3³
1404 2822 1525 2846 Set-ratu<
1545 2830 1595 2846 non
1617 2824 1660 2849 pst,

209 2882 245 2899 LL.
260 2882 473 2899 CONSTi'rt'Ttosss
494 2883 527 2900 lv.
1510 2874 1542 2900 00

1765 2426 1815 2447 Dec.
1833 2428 1887 2447 nuel.
