2071 3132
159 150 387 177 DOCL'MENTA
406 153 454 178 AD
474 153 709 182 ELECTIONEM
730 157 866 184 KAROLI
887 159 933 185 DE
953 160 1104 187 VALESIO
1125 163 1364 192 SPECTANTIA.
1398 167 1603 196 N12247—-24t1,
1657 174 1717 202 2133

55 247 91 268 ac
109 236 232 267 dilectis
250 237 321 267 filiis
338 238 498 270 nobilibus
516 242 590 271 viris
615 266 621 272 .
647 268 652 272 .
677 244 854 275 marchioni
871 245 1154 289 Brandeburgensi
1173 261 1209 281 ac
1235 276 1240 281 .
1267 276 1273 282 .
1299 251 1440 285 Saxonie
1466 263 1498 286 et
1523 281 1528 286 .
1555 281 1561 286 .
1579 257 1717 289 Bavarie

55 287 197 327 ducibus,
222 293 317 329 prout
334 291 364 319 111
382 301 511 322 recessu
529 297 583 323 tuo
602 293 642 324 de
660 293 801 325 Pictavis
821 307 877 327 nos
894 297 1049 329 instanter
1066 311 1249 341 rogaveras
1274 314 1332 343 pro
1351 305 1494 337 eiusdem
1513 310 1716 348 promotione

52 340 183 380 negotii,
208 340 402 372 nominando
420 343 605 383 specialiter
630 345 752 385 ipsqu
770 348 931 385 comitem,
955 351 1241 390 scripsissemusfl,
1267 365 1328 385 non
1346 356 1515 389 videbatur
1539 361 1717 401 expediens

53 391 118 421 sive
143 391 261 421 decens
285 392 331 422 eis
349 393 489 424 scribere
514 405 611 436 super
631 396 747 427 eodem
764 399 895 439 negotio
920 400 1048 441 iterato7
1072 403 1130 433 nisi
1157 405 1242 444 prius
1267 406 1358 437 nobis
1383 408 1423 438 ad
1442 410 1574 442 easdem
1593 412 1716 443 litteras·

25 451 36 468 ⁵
54 442 302 483 respondissent.
344 444 466 476 Tamen
485 448 693 487 responsione
716 448 825 480 habita
850 450 890 480 ab
910 452 1032 483 eisdem
1058 456 1161 494 parati
1179 466 1306 488 eramus
1323 459 1475 500 ,ῆς-1111010,
1500 466 1534 492 ut
1550 464 1714 503 petebant.

50 493 171 524 Verum
196 495 269 535 quia
295 495 397 526 dictus
416 496 617 528 Coloniensis
641 499 903 542 archiepiscopus
926 503 1060 543 prefatis
1085 508 1237 538 canonico
1264 516 1295 539 et
1320 511 1422 545 militi,
1448 520 1482 542 ut
1504 514 1714 556 prediximus⁷

50 545 186 586 benigne
212 549 245 577 et
268 550 359 587 grate
378 549 553 589 respondit.
579 550 682 591 ipsum
707 563 765 592 per
789 558 913 584 nostras
938 555 1061 586 litteras
1085 568 1183 598 super
1206 562 1332 600 negocii
1351 565 1552 603 promotione
1578 567 1713 607 predicti

49 597 212 638 pulsamus
235 598 386 638 precibus
411 604 442 630 et
467 600 746 633 exhortationibus
772 605 908 644 iteratis,
938 616 1033 647 prout
1056 609 1088 638 in
1113 614 1313 652 transumpto
1338 614 1516 647 litterarum
1541 618 1713 658 ipsaruml.

49 648 135 690 quod
150 649 208 680 tibi
224 650 378 681 mittimus
396 653 598 692 presentibus
614 655 833 695 interclusum,
852 659 973 698 poteris
990 660 1116 699 plenius
1133 662 1258 694 intueri.
1350 668 1393 703 (41
1414 668 1483 698 Adg
1497 668 1575 700 illud
1593 679 1712 702 autem.

9 708 32 727 ιο
49 710 144 741 super
175 711 236 742 quo
262 703 433 734 canonicus
464 708 496 734 et
523 705 617 735 miles
646 707 764 747 prefati
794 708 885 739 nobis
915 711 1113 751 supplicasse
1142 721 1315 746 noscuntur
1340 717 1489 760 dicteque
1522 727 1574 752 tue
1604 722 1711 754 littere

49 752 265 791 confluebant,
296 754 447 786 videlicet
475 756 562 797 quod
587 757 726 798 aliquam
752 759 917 790 solennem
943 772 1114 802 personam
1149 765 1189 795 ad
1215 767 1374 799 electores
1399 771 1530 802 eosdem
1556 774 1606 803 vel
1637 786 1711 815 pro-

47 806 210 835 curatores
237 805 394 846 ipsorum,
430 807 481 838 die
518 819 580 848 qua
615 820 672 850 pro
702 810 852 841 habendo
884 816 1022 844 tractatu
1057 825 1154 856 super
1188 817 1346 850 electione
1381 822 1508 861 prefata
1539 827 1710 857 convenire

46 854 218 896 habebant,
242 857 371 888 insimul
395 859 606 895 mitteremus,
632 862 856 902 respondimus
882 867 914 894 et
931 864 1035 895 adhue
1061 873 1114 897 tue
1140 867 1321 900 celsitudini
1347 874 1593 913 respondenms.
1624 878 1709 918 quod

47 906 87 937 de
110 906 291 939 huiusmodi
317 920 465 950 persona,
491 922 552 952 que
577 912 635 943 tibi
659 921 751 953 grata
777 918 810 944 et
832 915 937 946 fidelis
962 918 1090 949 existat.
1116 918 1156 950 de
1183 931 1243 961 qua
1271 926 1303 952 tu
1328 923 1507 963 pleniorem
1532 939 1628 968 quam
1653 940 1709 960 uo.-⁴

5 967 27 985 15
44 960 164 999 poteris
188 959 310 991 habere
334 962 496 1002 notitiam,
526 964 648 1004 cogites
673 964 846 1006 diligenter
870 974 1023 1009 tuamque
1049 980 1146 1010 super
1174 971 1234 1003 hoc
1265 974 1356 1005 nobis
1380 978 1539 1008 rescribas
1564 979 1706 1020 plenarie

44 1010 253 1051 voluntatem,
278 1023 349 1043 cum
373 1014 463 1044 iuxta
484 1018 593 1046 votum
618 1019 709 1047 tuum
733 1017 774 1048 ad
800 1018 958 1050 electores
984 1021 1116 1052 eosdem
1142 1023 1304 1056 destinare
1329 1038 1500 1067 personam
1526 1031 1708 1063 huiusmodi

44 1072 268 1103 proponamus.
359 1066 404 1105 (5)
430 1065 717 1107 Supplicaverunth
742 1070 833 1100 nobis
856 1071 988 1112 insuper
1017 1084 1057 1103 ex
1086 1078 1177 1114 parte
1203 1079 1432 1118 magnitudinis
1457 1088 1510 1112 tue
1537 1085 1708 1115 canonicus

45 1116 77 1144 et
92 1114 183 1145 miles
199 1115 328 1156 prefati,
354 1120 388 1147 ut
405 1117 524 1148 dilecto
550 1119 614 1149 filio
631 1119 732 1150 nobili
748 1122 815 1151 viro
833 1123 942 1153 comiti
959 1124 1204 1167 Lueeburgensi
1228 1139 1285 1169 pro
1304 1129 1486 1163 huiusmodi
1504 1137 1706 1174 promotione

42 1167 163 1207 negotii
178 1177 236 1208 per
252 1172 378 1199 nostras
394 1169 518 1200 litteras
536 1171 759 1211 scriberemus7
786 1173 900 1214 quibus
924 1175 965 1205 ad
984 1175 1043 1207 hoc
1062 1177 1211 1209 (luximus
1229 1182 1499 1222 respondendum.
1526 1186 1611 1226 quod
1636 1198 1707 1218 cum

5 1222 29 1242 2⁰
45 1217 187 1258 prefatus
203 1219 466 1261 archiepiscopus
484 1221 694 1254 Treverensis
711 1223 788 1255 dicti
805 1227 931 1256 comitis
948 1227 1048 1258 frater
1064 1230 1199 1271 ipseque
1218 1242 1327 1263 comes
1345 1245 1402 1274 pro
1429 1247 1484 1267 sua
1503 1240 1706 1278 promotione

43 1268 84 1299 ad
106 1280 240 1311 regnum
264 1271 447 1312 predictum
472 1274 560 1314 apud
584 1285 641 1305 nos
665 1275 791 1307 devotis
815 1279 1104 1318 supplicationibus
1129 1282 1319 1315 institissent
1343 1296 1379 1316 ac
1405 1287 1491 1318 idem
1517 1300 1625 1321 comes
1651 1292 1707 1322 tibi

41 1320 143 1352 fidelis
161 1322 288 1358 existat,
313 1325 416 1365 magis
433 1325 604 1356 videbatur
621 1327 810 1368 expediens⁷
836 1330 921 1370 quod
946 1334 981 1361 tu
999 1332 1138 1364 eundem
1157 1336 1308 1367 comitem
1326 1348 1423 1378 super
1446 1339 1506 1371 ho(-
1525 1343 1706 1382 requirere>

40 1382 98 1412 per
113 1373 236 1404 litteras
260 1377 331 1406 tuas
356 1386 426 1407 cum
444 1377 594 1408 instantia
613 1384 778 1420 oportuna.
871 1382 915 1421 16)
941 1382 1113 1415 Preterea¹'
1132 1396 1202 1416 cum
1229 1388 1345 1427 prefati
1364 1392 1536 1423 canonicus
1561 1400 1593 1424 et
1614 1395 1706 1425 miles

39 1424 130 1455 nobis
146 1426 375 1467 supplicarent,
393 1429 478 1469 quod
496 1429 580 1460 dicto
595 1431 839 1473 archiepiscopo
854 1433 1131 1477 Maguntinoensi),
1148 1448 1187 1468 ne
1205 1439 1246 1469 ad
1264 1443 1505 1474 coronationem
1524 1445 1634 1477 dilecti
1650 1447 1706 1477 tilii

0 1479 22 1499 ²³
39 1475 153 1507 nobilis
176 1478 234 1508 viri
258 1503 264 1508 .
291 1504 296 1509 .
323 1479 411 1510 ducis
436 1480 615 1522 Carinthie7
641 1484 693 1523 qui
719 1494 752 1514 se
777 1486 861 1525 gerit
889 1497 945 1526 pro
976 1497 1052 1528 rege
1078 1488 1228 1521 Boemie.
1254 1493 1460 1532 procederet.
1493 1496 1594 1528 donec
1620 1508 1706 1529 esset

37 1527 135 1568 ipsius
163 1530 249 1570 regis
276 1530 532 1573 Roman(orum)
563 1533 679 1565 electio
714 1535 894 1573 celebrata,
925 1549 983 1578 per
1011 1547 1136 1571 nostras
1164 1541 1288 1573 litteras
1318 1545 1549 1581 scriberemus.
1581 1550 1703 1581 eisdem

39 1578 185 1611 duximus
208 1582 480 1622 respondendum.
507 1585 592 1626 quod
617 1586 718 1617 nobis.
745 1589 799 1628 qui
823 1599 932 1619 sumus
957 1591 1105 1622 omnibus
1129 1593 1158 1623 in
1184 1594 1304 1625 iustitia
1331 1596 1505 1638 debitores,
1531 1611 1593 1631 non
1612 1602 1701 1633 vide-

37 1629 130 1661 batur
152 1642 327 1673 congruum
352 1636 482 1675 rationi⁷
514 1637 599 1677 quod
623 1638 710 1668 nullo
736 1644 954 1680 conquerente
980 1641 1020 1672 de
1044 1643 1113 1684 ipso
1143 1644 1184 1675 ad
1210 1646 1278 1676 eius
1303 1648 1547 1689 impeditionem
1572 1652 1701 1685 honoris

37 1682 284 1722 procederemus
301 1686 504 1727 aliquatenus
522 1698 562 1718 ex
579 1694 719 1730 arrupto.
811 1693 855 1731 (71
883 1692 1035 1725 Ceterum
1059 1695 1110 1726 die
1129 1696 1264 1728 Sabbati
1281 1701 1437 1739 preterita
1457 1703 1543 1743 apud
1560 1703 1699 1736 Reulam

0 1736 22 1756 Μ)
38 1731 250 1776 Vasaten(sis)
267 1736 405 1768 diocesis
430 1739 608 1770 existentes
632 1751 690 1781 per
706 1743 851 1773 nuntium
878 1754 918 1774 ex
936 1755 1027 1785 parte
1046 1748 1135 1787 regia
1152 1748 1244 1779 nobis
1261 1750 1401 1783 missum.
1429 1755 1481 1794 qui
1499 1766 1569 1785 cum
1587 1755 1702 1787 litteris

36 1785 98 1815 tuis
121 1787 357 1819 continentibus
385 1789 558 1822 adtentum
583 1793 777 1824 venerabilis
809 1794 915 1826 fratris
944 1799 1043 1828 nostri
1067 1800 1203 1831 Arnaldi
1236 1803 1378 1844 episcopi
1402 1804 1629 1847 Pietaveuae'sisy
1659 1808 1700 1839 ad

37 1837 82 1867 tui
105 1840 313 1879 presentiam,
342 1852 438 1882 quem
465 1853 505 1873 ex
531 1845 626 1874 certis
650 1847 753 1876 causis
778 1848 956 1878 retinueras
981 1854 1013 1880 et
1037 1851 1174 1890 petebas
1198 1863 1256 1893 per
1280 1865 1337 1885 nos
1362 1865 1549 1888 excusatum
1575 1859 1698 1891 haberi.

36 1887 112 1919 inibi
135 1889 176 1920 ad
199 1901 256 1921 nos
272 1893 369 1933 venit,
393 1893 518 1925 litteras
542 1895 652 1926 dilecti
676 1897 731 1927 filii
749 1898 864 1929 nobilis
881 1901 939 1930 viri
956 1901 1108 1933 iohannis
1133 1903 1222 1934 ducis
1240 1904 1380 1937 Saxonie
1405 1910 1594 1950 recepimus.
1620 1923 1699 1953 quas

36 1939 112 1970 tibik
134 1942 288 1974 mittimus
317 1946 521 1985 presentibus
550 1948 787 1980 inte1·elusas¹1.
819 1954 853 1981 ut
883 1962 921 1982 ea
950 1964 1011 1993 que
1037 1955 1105 1995 ipse
1131 1957 1294 1988 continent
1318 1959 1413 1999 plene
1438 1961 1547 1992 valeas
1572 1964 1696 1994 intueri.

0 1992 19 2013 ¹⁵
140 1993 261 2026 Datum
281 1996 367 2037 apud
395 1997 613 2030 Cadelhaeum
644 2000 895 2042 Burdegalensis
921 2003 1066 2036 diocesis.
1093 2006 1165 2037 Kal.
1188 2007 1330 2049 Octobr„
1356 2013 1560 2051 pontificatus·
1585 2016 1698 2046 nosti-N

35 2052 115 2075 anno
140 2047 270 2078 tertiom.

421 2108 498 2142 249.
523 2111 770 2144 LITTERAE
790 2114 1117 2149 I’OSTERIORES.
1169 2120 1233 2151 Oct.
1250 2123 1301 2152 22.

140 2165 368 2207 Atticm-aplzon
397 2170 533 2202 eiusdem
563 2172 718 2204 tabularii
741 2178 860 2205 vat-ton.
888 2176 921 2207 J.
942 2179 1003 2207 703
1026 2189 1075 2209 ην.
1096 2181 1166 2209 164'
1190 2181 1349 2220 Simmiam
1374 2184 1539 2224 descripsit
1562 2186 1695 2218 Marius

35 2214 213 2250 Kranmzer.
259 2219 360 2251 Bulla
389 2222 602 2262 desideratur,
633 2225 686 2264 filo
717 2228 872 2259 cannabis
902 2230 1018 2261 relicto.
1074 2231 1115 2262 In
1146 2243 1229 2263 terso
1259 2232 1423 2272 leyzmtur:
1456 2238 1629 2269 Carissimo
1665 2241 1694 2270 iu

0 2274 19 2293 ιο
37 2265 162 2300 Christo
186 2269 250 2302 filio
274 2271 426 2314 Philippo
452 2276 520 2316 regi
545 2276 740 2309 Francorum
766 2279 890 2311 illustri.
915 2299 955 2304 —
980 2281 1126 2321 Bo'ltmer,
1151 2284 1225 2324 Req.
1245 2287 1458 2317 1246—15'13
1482 2289 1596 2320 Pc'c'bstc
1620 2293 1693 2321 3222.

1397 2339 1450 2377 (P.
1476 2340 1584 2379 deest.)

140 2380 289 2414 Clemens
307 2385 478 2427 episeopus
503 2398 614 2419 servus
637 2400 803 2421 servorum
828 2391 890 2423 Dei
959 2395 1122 2425 carissimo
1148 2396 1178 2426 111
1205 2395 1332 2428 Christo
1357 2398 1421 2429 filio
1446 2399 1598 2441 Philippo
1624 2404 1690 2443 reg-i

34 2429 228 2464 Francorum
252 2435 366 2466 illustri
433 2439 572 2470 salutem
596 2445 629 2472 et
652 2443 863 2483 apostolicam
891 2445 1160 2478 benedictionem.

139 2483 186 2526 (Ι)
210 2485 354 2527 Dudum,
386 2494 480 2529 prout
504 2491 660 2523 celsitudo
685 2495 775 2534 regia
805 2506 867 2526 non
892 2497 1033 2537 ignorat.
1065 2497 1190 2529 dilectis
1214 2500 1285 2530 filiis
1311 2526 1315 2530 .
1343 2527 1347 2531 ,
1375 2501 1462 2533 duci.
1495 2504 1626 2534 consilio
1661 2511 1693 2535 et

0 2541 16 2560 ³⁵
35 2537 192 2566 communi
204 2536 424 2575 Venetiarum,
451 2542 536 2582 quod
561 2543 679 2575 dilecto
704 2546 770 2576 filio
795 2547 894 2578 nobili
918 2549 983 2578 viro
1010 2548 1127 2579 Carulo
1153 2552 1262 2581 comiti
1283 2552 1513 2592 Andegavensi
1537 2566 1691 2595 germano

34 2586 87 2615 tuo
122 2586 163 2617 ad
191 2589 405 2622 iuramentum
435 2595 643 2633 prestandum
680 2608 776 2638 super
811 2600 905 2629 certis
937 2601 1202 2631 conventionibus
1238 2608 1270 2633 et
1305 2605 1405 2643 pactis
1441 2605 1522 2635 inter
1553 2607 1690 2638 cundem

133 2654 199 2682 248.
220 2658 241 2688 e)
258 2659 321 2691 ἶῇι,
341 2661 366 2692 ip
384 2661 411 2685 in
431 2662 484 2686 loco
503 2672 564 2688 raso
583 2673 620 2689 or.
704 2665 722 2696 f)
743 2668 882 2699 psissemus
902 2669 927 2692 in
948 2669 1002 2693 loco
1023 2679 1082 2693 raso
1102 2680 1138 2694 or.
1226 2672 1249 2701 S)
1270 2672 1295 2696 in
1310 2674 1437 2703 mumius:
1456 2676 1495 2699 -11·
1516 2676 1690 2706 peticionis

32 2700 206 2730 responcio.
278 2701 302 2732 h)
322 2703 349 2727 in
368 2705 496 2735 maraine.-
515 2707 568 2730 -111-
588 2708 767 2740 peticionis
786 2712 969 2743 responcio.
1054 2711 1070 2742 i)
1090 2713 1115 2737 [u
1135 2714 1189 2738 loco
1209 2724 1268 2738 raso
1288 2725 1339 2743 or.;
1358 2717 1382 2740 in
1399 2718 1527 2748 murye'ne:
1547 2719 1597 2742 -lv
1612 2721 1689 2751 peti-

32 2739 132 2766 cionis
149 2746 328 2776 responcio.
401 2745 426 2778 k)
444 2756 456 2771 s
472 2747 476 2778 1
493 2753 501 2772 t
521 2749 545 2773 iu
561 2750 614 2774 loco
629 2760 688 2775 raso
702 2761 740 2776 ον.
811 2752 829 2783 ¹)
848 2755 1006 2778 sas—nostri
1021 2755 1045 2778 in
1061 2755 1115 2779 loco
1132 2766 1190 2781 raso
1206 2768 1242 2781 or.
1315 2760 1344 2788 ¹¹¹)
1364 2760 1436 2783 tertio
1457 2760 1481 2784 in
1498 2760 1551 2785 loco
1572 2770 1631 2786 raso
1651 2773 1688 2787 or.

0 2796 17 2815 >o
136 2791 161 2824 l)
182 2792 255 2825 Quas
274 2794 375 2821 lium-as
394 2796 545 2829 (It-perdilas
563 2809 615 2826 csse
634 2802 742 2827 multum
762 2803 888 2830 dolemus.

1717 1716 1778 1741 Sept.
1789 1719 1822 1738 23.
