2071 3132
30 720 54 738 10

29 981 52 999 15

27 1239 51 1258 20

26 1755 50 1773 30

25 2013 48 2031 ³5

23 2271 48 2289 40

466 139 629 166 HEINRICI
650 140 708 166 Vll.
729 139 1050 166 ‹L'ONsTl'rUTIONEs
1083 140 1156 165 1309.
1194 139 1239 165 Nn
1254 140 1312 165 312.
1661 143 1721 172 *275

183 225 354 256 Hcinricus
390 225 450 256 Dei
482 228 585 267 gratia
615 227 833 257 Romanorum
863 237 919 257 rex
949 238 1076 267 50011101
1104 230 1256 267 augustus
1345 226 1555 267 prudentibus
1583 228 1657 258 viris
1686 253 1692 258 .
1716 255 1723 259 ,

76 277 256 318 capitaneo.
282 302 287 307 .
307 301 313 307 .
337 278 501 318 potestati,
528 303 533 308 ,
553 305 558 310 .
583 279 744 319 1100111015,
771 304 800 310 ..
827 280 972 309 conmuni
992 284 1024 309 et
1050 304 1054 308 .
1075 304 1079 309 .
1107 278 1224 319 populo
1243 279 1434 318 Mantuanis,
1459 280 1522 308 suis
1548 286 1579 310 ct
1596 281 1721 321 imperii

75 328 222 359 fidelibus
247 328 371 359 dilectis
459 330 596 370 gratiam
621 340 710 360 suam
736 338 767 360 et
792 340 885 360 omne
909 329 1037 360 bonum.

182 399 227 437 (Ι)
253 397 415 428 Sensimus
440 402 471 428 et
496 398 667 438 diligenter
690 398 884 428 attendimus
899 404 1133 429 sacrosanctam
1152 398 1330 430 Romanam
1356 401 1524 431 0001051110]
1550 411 1586 430 ac
1611 400 1722 431 sedem

74 449 283 490 apostolicam
308 449 420 480 dicbus
450 450 515 480 istis
546 449 662 480 favisse
686 450 906 490 multipliciter
938 451 1018 480 votis
1042 452 1172 486 nostris,
1208 455 1325 481 statum
1359 462 1395 482 110
1430 463 1547 483 nomen
1579 456 1721 484 nostrum

74 501 210 532 feliciter
234 501 404 532 exaltasse.
450 501 499 532 Ex
525 513 585 542 quo
612 501 748 532 eandem
773 501 941 532 ecclesiam
966 503 1048 532 intra
1072 503 1170 532 nostri
1190 504 1328 542 pectoris
1352 504 1451 534 ubera
1469 504 1722 546 complectentes

73 553 156 583 circa
180 553 280 593 ipsam
306 553 407 594 regali
432 553 646 583 sollicitudine
671 553 855 594 vigilamus,
882 557 916 584 ut
944 553 1002 584 sub
1034 558 1142 584 nostro
1167 555 1322 595 regimine
1347 555 1418 586 Deo
1444 557 1587 596 propicio
1613 562 1721 597 prote-

73 608 167 646 gatur
190 615 208 635 a
224 605 337 644 noxiis,
363 605 502 635 salubria
520 616 648 645 semper
664 606 859 636 incrementa
872 606 1023 646 suscipiat
1049 610 1080 636 ct
1104 607 1191 646 pacis
1207 606 1319 636 affluat
1335 606 1494 640 ubertate.
1519 618 1556 638 ac
1573 609 1721 640 nimirum

72 658 195 688 viscera
223 660 331 687 nostra
361 657 529 697 multiplici
558 657 744 687 turbaeione
768 661 926 688 vexantur
954 659 1107 698 ipsaque²
1134 659 1275 698 gravitas
1303 659 1403 689 multe
1428 659 1650 690 sollicitudinis
1674 662 1721 691 in-

74 710 205 749 quietat,
230 718 300 738 cum
325 708 469 739 eiusdem
495 708 629 739 ecclesie
654 708 766 739 fideles
791 713 822 739 et
846 709 926 739 filios
951 709 1038 739 varia
1066 709 1202 749 deprimi
1230 710 1447 750 perplexitate
1473 712 1665 752 percipimus
1691 716 1723 744 et

72 760 268 790 diversarum
292 759 505 800 procellarum
522 760 647 790 turbine
665 761 829 790 fluctuare.
920 762 964 799 (2)
990 760 1074 790 Sane
1091 771 1192 801 nuper
1209 761 1249 791 ad
1266 766 1405 792 nostram
1424 764 1570 803 pervenit
1587 764 1720 795 audien-

72 813 163 851 ciam,
188 811 274 852 quod
294 812 341 842 vir
365 813 514 852 egregius
531 812 672 851 Pijetrus)
694 811 875 842 Gradonico
901 812 975 849 dux,
1002 837 1006 842 .
1025 837 1031 842 .
1058 813 1223 842 consilium
1249 816 1281 843 ct
1299 838 1304 843 .
1324 839 1328 844 .
1348 825 1503 845 conmune
1522 815 1721 846 Venetorum

72 864 233 894 civitatem
257 863 497 894 Ferraricnsem
521 874 558 894 ac
583 864 666 894 cives
690 863 810 894 ibidem
836 873 906 894 eum
931 868 1126 894 armatorum
1152 864 1332 898 insultibus,
1362 865 1516 896 machinis
1542 870 1573 896 et
1606 868 1720 898 instru-

70 916 186 946 mentis
210 915 393 946 invaserunt
417 921 449 946 et
472 916 613 957 graviter
637 922 873 956 oppresserunt,
898 919 1035 946 castrum
1062 915 1219 946 Thedaldi
1251 916 1357 946 cidem
1382 918 1501 947 civitati
1526 919 1720 959 contiguum,

71 967 216 1008 burgum,
242 972 372 1007 pontem
390 978 426 997 ac
449 968 558 998 turrim
572 967 690 998 viribus
708 967 893 1008 occupando
918 978 955 998 ac
979 968 1080 1008 ipsam
1099 968 1260 998 civitatem
1286 969 1333 998 5111
1350 969 1495 1000 servituti
1511 970 1719 1007 subiiciendo,

71 1019 163 1049 dictis
180 1019 300 1049 civibus
318 1020 348 1049 in
365 1019 551 1050 fortitudine
569 1020 736 1060 superatis,
762 1020 792 1049 in
809 1019 1030 1060 preiudieium,
1047 1029 1222 1060 gravamen
1247 1023 1279 1050 et
1296 1024 1513 1061 contemptum
1532 1023 1721 1054 sanctissimi

70 1071 168 1112 patris
192 1072 289 1102 nostri
315 1071 433 1101 domini
458 1071 633 1102 Clementis
658 1072 773 1101 summi
797 1072 970 1112 pontificis,
1002 1071 1179 1111 apostolice
1204 1071 1290 1102 sedis
1315 1076 1347 1102 et
1371 1073 1506 1103 ecclesie
1532 1079 1719 1106 memorate.

71 1123 182 1154 occisis
217 1122 335 1153 ibidem
373 1127 405 1153 et
439 1123 604 1153 trucidatis
633 1123 783 1154 ferociter
812 1123 873 1154 Dei
910 1124 1024 1153 timore
1060 1123 1237 1164 postposito
1274 1134 1368 1164 quam
1406 1125 1548 1165 pluribus
1583 1136 1619 1156 ac
1651 1127 1721 1157 aliis

69 1174 252 1205 vulneribus
288 1175 476 1215 gravissime
511 1175 671 1206 sauciatis.
731 1175 813 1210 Quia
848 1176 944 1216 igitur
978 1186 1040 1206 non
1072 1175 1202 1216 indigne
1236 1177 1325 1217 regie
1362 1177 1584 1208 sollicitudinis
1613 1183 1721 1219 partes

69 1227 269 1267 apponimus,
294 1237 334 1257 ne
351 1226 495 1257 eiusdem
513 1227 648 1257 ecclesie
666 1227 807 1258 fidelium
826 1228 1024 1268 prosperitas
1048 1228 1091 1258 510
1115 1231 1238 1258 temere
1256 1228 1416 1259 laceretur
1440 1229 1489 1259 vel
1515 1229 1719 1270 dispendiose

68 1282 233 1319 tangatur,
267 1289 328 1319 que
362 1278 454 1309 nobis
489 1279 630 1309 caritatis
666 1282 698 1309 et
731 1279 941 1310 exaltacionis
970 1279 1127 1310 beneficia
1160 1281 1319 1320 copiosius
1351 1280 1481 1313 infudit.
1517 1282 1557 1312 ad
1589 1282 1718 1313 laudem

69 1331 205 1371 precelsi
228 1331 276 1361 sui
299 1331 434 1361 nominis
459 1334 491 1361 et
514 1334 631 1362 statum
656 1332 823 1372 pacificum
842 1331 1105 1369 conservandum7
1131 1333 1297 1373 presertim
1317 1343 1387 1363 011111
1413 1333 1452 1363 ad
1478 1334 1538 1364 hoc
1555 1338 1717 1375 tamquam

69 1381 242 1413 advocatus
267 1387 298 1413 et
322 1382 472 1413 defensor
500 1383 598 1424 ipsius
622 1383 793 1424 precipuus
818 1388 985 1414 teneamur
1016 1394 1056 1415 ex
1089 1383 1197 1414 debito
1228 1383 1302 1414 fidei
1335 1388 1367 1415 et
1396 1385 1521 1415 unionis
1546 1386 1718 1418 individue.

70 1444 132 1474 qua
156 1444 226 1464 cum
250 1434 319 1475 ipsa
343 1445 496 1476 prospere
521 1435 669 1465 vivimus.
706 1436 731 1465 si
755 1436 969 1476 prosperitate
994 1435 1128 1472 letatum
1162 1446 1219 1465 ne<⁴
1247 1440 1398 1477 expertes
1424 1437 1491 1467 eius
1516 1437 1720 1469 adversitatis

27 1496 47 1515 2⁷
70 1485 238 1525 efficimur,
263 1487 288 1516 si
312 1487 458 1527 paciatur
481 1486 629 1526 adversa⁷
718 1486 908 1517 fidelitatem
938 1490 1075 1518 vestram
1107 1498 1303 1522 monemusq-
1322 1488 1488 1519 hortamur
1513 1494 1545 1520 et
1569 1500 1721 1530 rogamus

69 1537 251 1578 plenissimo
287 1548 357 1569 cum
393 1538 527 1579 affectu,
563 1539 754 1569 auctoritate
790 1540 879 1579 regia
910 1539 999 1569 vobis
1026 1539 1249 1570 nichilominus
1280 1540 1487 1581 precipiendo
1518 1541 1717 1573 mandantes.

69 1590 216 1629 quatinus
245 1590 330 1621 sedis
359 1591 536 1631 apostolice
565 1591 686 1621 nunciis
715 1601 750 1621 ac
781 1590 902 1621 civibus
925 1591 1183 1621 Ferrariensibus
1221 1591 1371 1632 predictis
1407 1596 1517 1623 contra
1553 1604 1626 1623 5005
1661 1594 1717 1624 ad-

67 1643 224 1672 versarios
247 1642 391 1673 Venetos
420 1642 599 1673 antedictos
627 1643 717 1682 viris,
753 1642 871 1673 viribus
907 1646 939 1673 et
977 1643 1195 1673 instrumentis
1227 1656 1262 1674 110
1295 1643 1397 1674 modis
1428 1644 1574 1675 omnibus
1604 1645 1719 1686 quibus

68 1694 201 1734 potestis
223 1694 255 1724 in
278 1694 370 1735 aquis
395 1698 427 1725 et
450 1694 480 1724 in
514 1695 605 1725 terris
630 1694 805 1725 efficaciter
834 1695 990 1725 assistatis
1020 1698 1052 1725 et
1077 1695 1295 1726 indesinenter
1319 1706 1355 1726 ac
1381 1697 1535 1736 optimum
1561 1697 1717 1728 auxilium

68 1745 228 1786 prebeatis
253 1745 391 1785 eisdem,
426 1757 484 1787 per
518 1746 603 1787 quod
635 1747 745 1777 civitas
780 1750 812 1777 et
836 1747 980 1777 homines
1016 1747 1151 1778 ecclesie
1184 1747 1330 1778 Romane
1364 1759 1419 1778 500
1444 1749 1642 1779 municiones
1666 1750 1717 1780 vel

66 1798 259 1828 territorium
284 1797 403 1828 ibidem
429 1798 469 1828 ab
495 1798 732 1829 imminentibus
757 1799 912 1839 pressuris
943 1798 1044 1829 illiciti
1073 1799 1204 1829 dominii
1237 1799 1365 1830 valeant
1393 1800 1499 1830 subito
1525 1801 1661 1831 relevari
1686 1806 1718 1832 et

67 1848 106 1879 de
129 1849 358 1890 multiplicibus
383 1851 446 1880 suis
471 1850 723 1886 turbacionibus,
749 1861 828 1891 quas
845 1850 1047 1891 pertulerunt
1064 1851 1219 1891 indebite,
1244 1852 1284 1882 ad
1309 1862 1406 1882 suave
1432 1863 1522 1882 suum
1541 1852 1715 1883 dominium

67 1907 99 1932 et
126 1903 241 1943 quietis
268 1902 387 1943 gaudia
415 1912 571 1934 remeare.
619 1902 655 1932 In
689 1913 750 1943 quo
780 1903 850 1933 Deo
887 1906 919 1933 et
948 1903 1053 1933 eidem
1086 1903 1221 1934 ecclesie
1250 1903 1408 1945 nobisque
1439 1905 1654 1945 gratissimum
1686 1912 1717 1935 et

67 1954 265 1995 acceptabile
297 1955 465 1985 servicium
499 1955 607 1995 procul
639 1955 735 1985 dubio
767 1954 907 1995 facietis,
943 1965 1000 1995 per
1033 1955 1119 1996 quod
1154 1959 1263 1996 preter
1298 1955 1437 1987 divinam
1466 1956 1715 1987 retribucionem

68 2005 211 2036 eiusdem
247 2005 382 2036 ecclesie
417 2006 561 2037 favorem
598 2006 863 2047 specialissimum
892 2009 1064 2047 nostreque
1101 2007 1323 2038 benivolencie
1359 2007 1589 2048 plenitudinem
1626 2009 1717 2039 vobis

66 2056 274 2088 vendicabitis
309 2057 481 2089 fructuose.
572 2059 617 2098 (3)
654 2057 758 2099 Super
792 2058 852 2088 hiis
886 2062 994 2088 autem
1031 2068 1068 2088 ac
1103 2059 1174 2089 aliis
1209 2059 1399 2099 quibusdam
1436 2060 1570 2101 agendis
1601 2062 1715 2091 nostris

67 2109 216 2140 honestos
241 2111 273 2140 et
296 2108 450 2140 discretos
467 2110 550 2140 viros
566 2110 755 2151 magistrum
772 2109 972 2150 Bassyanum
990 2110 1155 2141 doctorem
1172 2111 1291 2152 legum,
1316 2111 1513 2152 Hugelinum
1539 2112 1578 2143 de
1600 2112 1713 2143 Wick¹

67 2163 99 2191 et
121 2160 298 2191 Iohannem
323 2159 362 2191 de
385 2160 449 2201 Kyl
472 2162 599 2199 milites,
624 2161 736 2192 fideles
761 2166 793 2192 et
816 2161 952 2192 dilectos
975 2163 1106 2193 nuncios
1130 2166 1265 2201 0051105,
1291 2166 1323 2193 et
1348 2163 1525 2204 quemlibet
1549 2174 1659 2194 eorum
1684 2165 1714 2194 in

67 2212 202 2243 solidum
234 2213 275 2243 ad
304 2216 443 2244 vestram
471 2214 671 2254 presenciam
701 2213 885 2254 specialiter
920 2213 1069 2245 duximus
1104 2215 1329 2249 destinandos,
1366 2215 1480 2255 quibus
1510 2216 1539 2245 in
1570 2215 1715 2246 dicendis

66 2263 162 2294 fidem
186 2265 302 2296 curetis
325 2265 453 2306 plenam
478 2268 510 2295 et
533 2265 696 2296 credulam
721 2265 886 2296 adhibere.

174 2333 246 2364 Dat.
272 2333 384 2374 Spyre,
408 2334 545 2365 Kalend.
571 2334 762 2376 Septembr..
788 2335 878 2376 regni
902 2335 1000 2365 nostri
1025 2345 1107 2365 anno
1133 2336 1245 2376 primo.

167 2435 232 2461 312.
252 2438 275 2468 ς1)
294 2438 365 2469 ffisss
385 2447 421 2462 or.

169 2531 193 2563 1)
221 2530 303 2563 Apud
331 2530 473 2556 Nicolaum
501 2531 729 2557 Bolrontinensem
757 2534 863 2557 vocatur
888 2530 1044 2565 szyolimcs
1066 2531 1095 2556 (Ic
1119 2531 1204 2563 Viceo,
1233 2532 1303 2556 miles
1324 2540 1413 2564 papae
1433 2531 1482 2557 (cd,
1506 2531 1595 2565 Heycl:
1613 2536 1709 2564 1²¹¹!l·4

66 2572 110 2598 lin.
125 2574 174 2606 14).
