2071 3132
426 156 591 182 HEINRICI
613 157 672 182 Vll.
693 156 1019 183 ‹Joxs'rl'rUTIONEs.
1059 157 1132 184 11:09.
1170 157 1217 183 Nr.
1231 157 1290 184 290.
1304 157 1361 183 291.
1664 160 1724 188 252:

66 253 127 283 que
145 242 325 283 profectum
342 247 486 273 nostrum
512 247 544 273 01
561 244 686 284 imperii
706 244 881 284 respiciunt
906 248 937 274 et
962 244 1127 274 honorem.
1167 243 1331 275 [nix-ersis
1349 248 1380 274 01
1398 244 1530 284 singulis
1548 243 1726 274 district-ius

65 294 277 334 iniungenteS.
303 294 452 334 quatinus
476 294 602 335 prefato
628 295 737 325 comiti
762 299 897 336 pareant
920 296 950 325 in
976 296 1148 336 premissis,
1174 306 1270 336 quani
1295 295 1349 326 diu
1374 300 1556 336 presentem
1575 296 1724 326 commis-

65 346 188 376 sionem
211 355 273 375 non
299 344 485 376 duxerimus
510 346 737 376 revocandum.
784 346 908 377 Harum
934 348 1116 377 testimonio
1142 347 1331 378 litterarum.
1617 373 1619 375 .

172 396 246 427 Dat.
273 396 472 435 0003100110,
498 397 557 427 ΠΙ.
576 397 690 428 Kalen.
710 398 802 429 Iunii.
828 398 1006 429 indiccione
1023 398 1098 430 VII.
1124 409 1206 429 anno
1231 398 1351 429 domiui
1373 398 1489 429 MCCC
1511 409 1610 438 nono7
1636 400 1724 440 regui

33 461 44 478 5
63 458 139 478 vero
164 448 263 478 nostri
288 458 370 478 anno
396 448 509 488 primo.

404 549 481 582 291.
507 550 754 583 SCRIPTUM
774 552 918 583 REGIS
942 553 1184 584 ALTERL'M.
1231 554 1315 593 Any.
1333 556 1384 584 ,2,5.

174 612 252 642 Item
268 611 487 651 autographon
503 612 639 642 m'usdem
657 613 812 643 talmlarit'
829 613 993 652 descripsit
1012 613 1190 644 thlzmmm
1205 614 1260 653 (z
1283 613 1504 645 ll'lnlcelmamz
1527 614 1545 644 l.
1558 625 1582 644 c.
1601 615 1726 653 [13223

64 674 113 694 nr.
125 664 213 703 348).
249 662 369 694 Pendet
388 662 526 702 siyz'llmn
551 662 614 693 loro
632 663 873 695 membranaceo.
913 665 1099 704 Apoqraphe'
1115 665 1274 696 chartacei
1291 665 1446 696 tabularic'
1462 665 1618 703 Parisini,
1643 666 1727 705 quod

65 714 230 753 descripsit
253 713 366 751 Waltz,
390 715 497 745 varias
520 713 663 745 lectiones
679 717 784 754 utpote
807 715 930 746 ηῑιῖίἱῑιε
946 716 1092 746 »monicali
1114 716 1323 755 ncyle.1·imns;
1347 717 1386 755 cf.
1410 728 1511 756 snpra
1527 718 1571 747 ud
1587 729 1635 748 nr.
1652 718 1725 747 290.

24 775 47 795 10
66 785 106 789 —
130 766 275 804 Riihmer,
300 766 375 806 Rey.
399 765 512 797 Heinr.
532 767 603 797 142.
1432 768 1485 807 (P.
1511 769 1618 803 dccsf.)

175 844 347 876 Heinrieus
371 844 435 874 Dei
458 845 562 885 gratia
588 844 807 875 Romanorum
833 855 890 875 rex
915 856 1044 886 semper
1068 850 1223 886 augustus
1291 846 1388 876 nobili
1418 847 1484 876 viro
1516 847 1651 877 Iohanni
1687 847 1726 877 de

66 894 217 927 Flandria
236 897 343 927 comiti
361 896 584 927 Namurcensi.
610 897 848 937 consanguineo
874 907 910 927 ac
935 897 1021 927 fideli
1047 907 1103 927 suo
1122 897 1250 928 dilecto.
1312 898 1449 938 gratiam
1468 908 1556 928 suam
1584 903 1615 928 01
1633 909 1726 928 omne

65 948 193 979 bonum.

174 1001 219 1040 (1)
241 999 382 1040 Regiam
407 998 501 1029 decet
525 999 740 1030 maiestatem.
766 999 990 1030 sollicitudinis
1014 999 1120 1030 studio
1147 1000 1329 1040 invigilare,
1355 1004 1389 1031 ut
1413 1001 1453 1031 ab
1480 1002 1563 1031 omni
1588 1001 1727 1031 hostium

25 1062 46 1080 1⁵
66 1051 245 1082 incursione
270 1051 329 1081 sibi
346 1050 508 1081 subiectos
526 1054 654 1081 tueatur
669 1051 777 1081 illesos
795 1054 826 1082 et
843 1052 922 1081 fines
946 1062 983 1082 ac
1001 1052 1119 1082 limites
1138 1051 1322 1091 ducatuum,
1347 1053 1556 1083 comitatuum
1575 1053 1727 1083 aliorum-

66 1114 127 1144 que
152 1104 295 1134 locorum
320 1103 411 1144 regni
436 1106 469 1133 et
493 1103 619 1143 imperii
647 1103 750 1133 minus
782 1104 864 1134 iuste
890 1107 1065 1144 occupatos
1098 1108 1130 1134 et
1158 1103 1307 1134 detentos
1332 1107 1503 1145 recuperet
1528 1107 1559 1134 et
1584 1104 1727 1135 ducatus.

66 1156 236 1186 comitatus
268 1159 300 1185 et
327 1154 398 1185 loca
427 1154 573 1195 predicta
602 1154 643 1184 ad
671 1155 750 1185 111103
775 1156 940 1196 antiquos,
969 1155 1024 1185 ubi
1049 1155 1229 1196 respublica
1255 1155 1402 1186 Romana
1435 1166 1489 1186 eos
1514 1156 1673 1186 habuerat
1698 1163 1729 1186 01

65 1207 273 1241 tenebantur,
305 1206 379 1237 dum
405 1210 511 1237 essent
542 1207 600 1237 sub
629 1207 764 1247 imperio
794 1206 941 1238 Romano
972 1207 1148 1239 constituti.
1183 1207 1339 1238 extendat
1373 1212 1404 1237 et
1435 1209 1466 1238 in
1494 1209 1667 1239 securitate
1693 1219 1728 1238 ae

65 1269 144 1300 pace
169 1269 241 1290 cum
258 1259 397 1299 antiquis
413 1258 528 1288 tinibus
547 1258 663 1299 integri
680 1262 894 1293 reserventur,
921 1263 953 1289 et
970 1259 1086 1299 vigiliis
1111 1269 1147 1289 ac
1166 1259 1331 1289 laboribus
1348 1259 1628 1290 devotissimorum
1646 1259 1728 1289 mili-

23 1320 48 1339 20
66 1313 143 1350 tuni⁷
168 1321 337 1351 procerum
357 1314 389 1341 et
405 1310 573 1350 baronum,
598 1321 637 1341 ne
655 1310 750 1341 detur
766 1310 911 1340 hostibus
933 1311 1062 1341 licentia
1079 1310 1260 1341 incurrendi
1285 1321 1321 1341 ac
1347 1311 1536 1342 devastandi
1561 1311 1641 1347 loca,
1667 1322 1728 1351 11110

66 1363 125 1403 ipsi
149 1362 267 1393 subditi
292 1361 468 1403 possident,
493 1361 575 1392 illesi
594 1362 824 1393 custodiantur.
905 1363 950 1400 12)
976 1361 1059 1392 Sane
1077 1361 1219 1392 nonnulli
1245 1372 1285 1392 ex
1311 1362 1504 1402 quibusdam
1530 1363 1730 1403 temporibus

66 1414 145 1445 fines
170 1417 202 1445 et
222 1414 341 1444 limites
359 1414 530 1444 comitatus
548 1413 792 1444 Cameracensis
816 1414 906 1455 regni
924 1414 1021 1444 nostri
1046 1417 1079 1444 et
1096 1414 1221 1454 imperii
1238 1414 1397 1445 violenter
1414 1415 1607 1446 invaserunt.
1634 1425 1727 1445 occu-

66 1469 224 1506 paverunt
248 1469 280 1496 et
305 1465 511 1496 detinuerunt
535 1476 572 1495 ae
590 1464 736 1494 detinent
760 1464 868 1494 taliter
885 1468 1060 1504 occupatos
1085 1468 1118 1494 et
1142 1464 1212 1494 loca
1237 1475 1273 1494 ac
1291 1464 1375 1494 bona
1400 1465 1525 1499 civium,
1551 1466 1728 1496 incolarum

67 1520 100 1548 et
124 1517 333 1548 ecclesiarum
359 1517 435 1547 dicti
462 1517 632 1547 comitatus
658 1515 881 1552 devastarunt,
910 1516 978 1546 iura
1003 1526 1039 1545 ac
1065 1516 1206 1546 iusticias
1231 1517 1321 1557 regni
1354 1520 1386 1546 et
1415 1517 1542 1557 imperii
1567 1528 1603 1547 ac
1629 1519 1727 1548 comi-

25 1578 48 1597 25
68 1572 151 1600 tatus
180 1569 398 1609 predictorum
431 1568 490 1598 sibi
522 1579 578 1609 pro
604 1567 723 1598 viribus
748 1567 948 1598 attrahentes
978 1568 1227 1608 appropi-iarunt
1255 1568 1405 1598 iniuriose
1436 1569 1466 1598 in
1498 1568 1670 1609 dampnum
1698 1577 1728 1599 01

68 1631 199 1661 gravem
224 1621 381 1651 iacturam
407 1621 498 1661 regni
522 1620 621 1650 nostri
647 1624 679 1650 et
702 1620 829 1660 imperii
860 1620 1096 1660 comitatusque
1128 1619 1347 1660 predictorum
1377 1630 1413 1649 ae
1445 1620 1475 1649 iu
1500 1620 1728 1651 detrimentum

67 1672 194 1703 honoris
218 1673 308 1713 regie
331 1672 519 1706 maiestatis
545 1672 705 1712 episcopis
730 1670 1029 1702 Cameracensibus.
1054 1672 1107 1712 qui
1131 1682 1188 1711 pro
1207 1674 1353 1711 tempore
1378 1671 1513 1707 fuerant,
1540 1676 1572 1702 et
1588 1673 1727 1713 capitulo

68 1723 303 1759 Cameracensi,
330 1725 382 1765 qui
408 1723 527 1754 dictum
546 1724 733 1753 comitatum
758 1722 799 1752 ad
817 1723 1040 1763 episcopatum
1060 1722 1328 1753 Cameracensem
1354 1733 1409 1753 seu
1435 1723 1476 1753 ad
1494 1724 1579 1764 ipsos
1604 1725 1727 1754 ratione

69 1776 274 1817 episcopatus
299 1779 446 1806 asserunt
469 1776 643 1816 pertinere,
669 1774 883 1816 presentibus,
908 1774 1082 1804 scientibus
1112 1779 1143 1804 et
1167 1774 1350 1805 videntibus
1381 1775 1524 1815 finesque
1554 1776 1671 1806 limites
1697 1780 1728 1805 et

25 1842 49 1861 ³0
67 1827 138 1857 loca
163 1827 239 1858 dicti
263 1828 433 1858 comitatus
449 1828 580 1858 minime
600 1825 849 1857 defendentibus
874 1836 931 1856 nec
950 1825 1080 1866 aliquod
1103 1826 1379 1866 impedimentum,
1404 1830 1438 1856 ut
1463 1837 1500 1856 ea
1526 1838 1587 1857 11011
1605 1827 1727 1858 fierent.

69 1879 285 1919 prestantibus
309 1890 368 1909 nec
393 1879 433 1909 ad
457 1890 514 1909 nos
538 1889 595 1909 seu
613 1878 861 1919 predecessores
877 1881 1003 1907 nostros
1021 1877 1240 1908 Romanorum
1263 1888 1357 1918 reges
1374 1878 1483 1918 aliqua
1508 1878 1547 1909 de
1566 1880 1728 1919 premissis

68 1930 282 1962 referentibus
307 1941 364 1960 seu
382 1930 659 1961 denunciantibus.
685 1929 740 1960 sed
759 1930 870 1970 pocius
894 1940 950 1959 nos
975 1930 1153 1960 cerciorare
1178 1940 1273 1970 super
1297 1930 1357 1960 hiis
1382 1931 1509 1960 omnino
1535 1931 1727 1971 negligenti-

69 1982 141 2021 bus,
171 1986 281 2013 contra
306 1993 362 2012 sue
386 1982 552 2013 fidelitatis
577 1981 721 2012 debitum
748 1986 871 2011 temere
897 1981 1064 2012 veniendo⁴
1114 1982 1183 2017 Que
1209 1982 1362 2022 premissa
1389 1986 1461 2012 sunt
1485 1982 1568 2013 adeo
1593 1984 1726 2013 notoria.

70 2034 153 2074 quod
177 2034 265 2064 nulla
289 2035 411 2074 possint
435 2034 707 2073 tergiversaeiouc
733 2033 839 2063 celari.
932 2034 976 2072 (ἒὲ)
1002 2033 1159 2063 Volentes
1185 2034 1280 2073 igitur
1304 2044 1401 2074 super
1424 2035 1602 2074 premissis.
1634 2043 1728 2075 prout

26 2098 49 2117 35
69 2090 176 2116 nostre
201 2086 357 2116 incumbit
380 2086 469 2126 regie
495 2086 673 2120 maiestatiq
699 2096 797 2125 regno
822 2088 930 2114 nostro
958 2089 989 2114 et
1014 2085 1148 2125 imperio
1174 2096 1210 2115 ac
1236 2086 1400 2115 comitatui
1426 2085 1570 2125 predicto
1597 2090 1628 2115 et
1653 2086 1727 2115 sub-

69 2136 142 2167 ditis
166 2138 282 2167 nostris
307 2137 451 2167 eiusdem
477 2137 516 2167 de
543 2140 650 2167 cetero
681 2136 840 2166 salubrius
865 2136 1034 2177 providere
1065 2147 1100 2166 ae
1134 2141 1325 2177 oportunum
1357 2137 1513 2167 adbibere
1539 2137 1727 2167 remedium.

69 2188 108 2219 de
132 2188 195 2219 fide
220 2189 345 2219 sincera
370 2192 402 2218 et
427 2189 606 2229 prestaneia
633 2188 780 2228 puritatis
805 2192 837 2217 et
862 2187 1013 2217 industria
1040 2192 1094 2217 tua
1119 2188 1290 2228 plurimum
1316 2188 1522 2223 confidentes„
1549 2188 1727 2228 predictum

69 2240 256 2270 comitatum
281 2240 550 2270 Cameraeenscm
576 2250 647 2270 cum
673 2239 874 2279 appendiciis
899 2245 931 2269 et
948 2239 1153 2279 pertinenciis
1177 2240 1251 2269 suis.
1277 2250 1372 2279 quein
1399 2251 1437 2269 ex
1457 2240 1559 2269 causis
1578 2239 1728 2279 predictis

70 2294 102 2321 et
125 2291 195 2321 aliis
220 2291 277 2322 tibi
309 2302 366 2332 per
390 2291 469 2321 alias
501 2300 624 2321 nostras
650 2290 792 2320 11110103ι
824 2290 973 2320 duximus
1003 2291 1284 2328 committendum„
1321 2291 1439 2321 dietam
1469 2291 1726 2321 commissioneni

26 2355 51 2374 ω
70 2345 211 2372 nostram
236 2342 418 2373 roborando
443 2353 479 2372 ac
506 2343 609 2372 eciam
633 2341 847 2372 declarando.
873 2341 930 2371 tibi
955 2345 1061 2371 nostra
1087 2343 1279 2372 auctoritate
1305 2343 1391 2382 regia
1419 2343 1646 2372 committimus
1673 2353 1728 2381 per

68 2398 245 2433 presentes.
292 2393 415 2423 Dantes
440 2393 497 2423 tibi
522 2394 698 2434 plenariam
725 2396 756 2423 et
780 2393 915 2422 liberam
941 2397 1136 2433 potestatem
1161 2404 1197 2423 ac
1223 2393 1408 2423 mandatum
1434 2394 1589 2432 3110011110,
1621 2398 1726 2422 nostro

69 2445 197 2475 nomine
223 2451 254 2475 et
280 2456 335 2485 pro
362 2444 453 2475 uobis
479 2455 536 2485 per
560 2452 590 2475 te
616 2445 666 2475 vel
692 2456 748 2485 per
765 2445 874 2483 alium,
901 2455 995 2484 quein
1021 2444 1060 2474 ad
1087 2445 1145 2474 hoc
1171 2444 1300 2474 duxeris
1319 2444 1513 2481 eli-gendum,
1539 2444 1726 2474 comitatum

70 2495 249 2536 predictum
274 2496 485 2536 gubernandi.
511 2501 612 2526 castra
639 2500 671 2525 et
689 2497 881 2526 munitiones
906 2496 1050 2526 eiusdem
1075 2495 1224 2526 sasiendi.
1250 2494 1461 2526 custodiendi.
1487 2494 1727 2527 manuteiwndi,

68 2547 212 2588 finesque
237 2558 273 2577 ac
298 2548 416 2577 limites
441 2550 473 2576 et
497 2548 565 2577 iura
590 2551 697 2578 nostra
728 2552 759 2577 01
785 2548 909 2587 imperii
936 2547 1076 2587 dictique
1102 2547 1272 2576 comitatus
1296 2545 1488 2585 requirendi.
1514 2545 1724 2585 recuperandi

25 2611 51 2629 45
71 2607 107 2628 ae
132 2598 200 2628 iura
225 2609 426 2638 quecumque
452 2598 526 2628 dicti
546 2600 717 2629 comitatus
735 2598 942 2637 reerdligendi
969 2602 1001 2628 et
1026 2598 1140 2627 eadem
1167 2597 1373 2629 defendemli,
1399 2607 1434 2626 ae
1462 2597 1558 2627 etiam
1584 2597 1726 2627 redditus

71 2653 244 2689 proventus
269 2654 301 2679 et
330 2650 435 2679 exitus
459 2650 558 2689 ipsius
583 2651 752 2680 comitatus
777 2649 924 2689 petendi.
956 2649 1081 2679 levandi
1115 2654 1147 2678 et
1176 2648 1390 2688 percipiendi.
1420 2659 1456 2677 ae
1489 2648 1637 2687 homagia
1670 2660 1726 2678 seu

71 2701 245 2732 fidelitates
269 2713 285 2731 a
313 2701 452 2741 paribus.
479 2701 615 2731 vasallis.
643 2701 877 2731 valvassorilms
903 2706 933 2730 et
959 2701 1028 2730 aliis
1054 2700 1235 2730 hominibus
1260 2699 1446 2729 feudatariis
1472 2699 1724 2739 quibuscumque

175 2779 199 2810 1)
219 2778 307 2810 Supra
329 2782 441 2803 2112290.
