2044 3137
230 1095 276 1111 ·Jct.
292 1094 308 1112 1-

212 1402 261 1424 Mai.
278 1406 302 1421 3..

217 1660 262 1679 ilai.
278 1664 302 1680 3⁴»

330 173 389 195 sios
724 162 885 188 lli-:lxlilcl
909 161 967 187 Vn.
988 159 1311 187 eimSTJTUTIONES.
1350 159 1424 186 1:311.
1461 159 1579 186 N1·.644.

329 262 450 282 sentato
476 252 604 281 decreto
636 250 675 280 ad
708 259 816 279 eorum
843 249 1011 278 instantem
1045 250 1077 277 et
1101 246 1249 277 devotam
1275 246 1516 287 supplicationis
1541 247 1728 277 instanciam
1753 257 1859 277 coram
1885 247 1976 278 nobis

329 314 358 334 et
378 303 524 334 fratribus
549 302 661 332 nostris
686 301 807 331 iteratis
824 299 945 329 rieibns
969 303 999 329 et
1017 309 1074 339 per
1097 298 1267 328 interstitia
1283 301 1463 338 temporum
1481 298 1651 338 repetitam
1670 298 1830 338 prefatum
1853 309 1975 339 regem,

329 357 398 395 qnia
426 366 482 395 per
505 354 624 384 decreti
651 352 763 393 prel'ati
797 355 829 381 et
859 350 1048 380 conditionis
1077 359 1212 390 persone
1247 349 1344 388 ipsius
1375 359 1437 378 non
1468 348 1529 379 levi
1558 349 1671 379 notitia
1701 354 1797 380 antea
1821 349 1912 380 nobis
1944 353 1978 381 et

331 407 477 437 frati-ibus
502 405 615 435 nostris
640 408 712 434 note
738 402 1008 433 examinationem
1034 412 1140 431 eoram
1159 400 1250 430 nobis
1275 404 1307 430 et
1324 400 1446 430 eisdem
1465 400 1616 431 fratribus
1633 400 1776 431 habitam
1794 400 1975 442 diligenter,

329 460 524 498 inquantum
551 457 617 486 lieri
643 456 745 496 potnit
769 454 883 484 codem
909 453 1052 487 absente,
1078 453 1290 482 sufficientem
1314 452 1428 492 ipsum,
1453 451 1614 492 ydoneum
1640 456 1671 483 et
1687 452 1828 483 habilem
1853 453 1976 484 inveni-

328 520 395 539 mns
425 509 464 538 ad
490 508 648 548 prefatum
674 506 842 546 imperium
874 504 1081 534 obtinendum
1118 514 1154 533 ac
1184 503 1375 533 electionem
1400 503 1579 543 predictam
1604 504 1790 534 eanonicam
1820 505 1975 546 extitisse,

328 562 366 591 ‹le
385 560 557 591 eorundem
576 559 706 589 fratrum
726 563 903 587 nostrorum
921 556 1052 586 consilio
1075 556 1176 596 ipsum
1196 555 1424 595 reputavimus,
1450 555 1693 595 nominavimus,
1717 555 1976 597 approbavimus,

327 612 585 642 denunciarimus
610 615 642 639 et
666 609 898 639 declaravimus
922 607 1138 638 Romanorum
1164 617 1289 646 regem,
1314 607 1435 636 iustitia
1459 607 1625 647 exigente,
1651 617 1687 637 ae
1711 607 1780 638 fore
1804 607 1976 648 ydoneum,

327 664 535 694 <afficientem
561 668 591 692 et
617 661 755 692 habilem
781 660 821 690 ad
847 660 1035 699 dignitatem
1061 658 1236 699 imperialis
1260 658 1457 689 celsitudinis
1481 658 1704 694 obtinendam,
1730 660 1977 700 pronunciantes

328 717 454 755 insuper
488 718 518 745 et
555 714 650 743 etiam
688 712 911 749 decernentes,
955 710 1013 740 sibi
1051 722 1108 751 per
1143 713 1268 740 nostras
1304 720 1416 740 manus
1451 711 1521 741 loco
1564 714 1597 740 et
1632 714 1777 751 tempore
1813 712 1978 752 oportunis

327 767 444 797 debere
481 765 610 796 concedi
648 765 827 794 unctionem
863 766 895 793 et
930 763 1027 802 ipsius
1062 762 1187 802 imperii
1218 761 1382 800 diadema,
1419 765 1540 792 eertum
1577 761 1618 792 ad
1648 762 1709 792 hoe
1744 763 1774 793 ei
1805 764 1977 794 terminum

326 819 532 857 assignantes.
638 817 682 855 (Σὲ)
719 817 863 856 (Jamque
899 813 1102 855 postmodum
1138 824 1193 844 rex
1230 814 1373 854 prefatus
1410 813 1502 843 Italic
1539 817 1648 854 partes
1682 814 1795 845 fuisset
1828 818 1979 855 potenter

327 872 484 909 ingressus
520 875 549 899 et
585 880 603 898 a,
636 867 828 898 lannbardie
862 866 1044 896 civitatibus
1075 865 1211 906 aliisque
1246 865 1323 895 locis
1355 865 1545 906 insignibuS„
1581 865 1622 896 ad
1653 876 1716 907 que
1749 865 1976 907 declinaverat,

326 922 496 952 honorilice
522 925 552 951 et
577 920 708 961 pacifice
734 920 794 949 iam
820 922 978 958 receptus,
1003 918 1056 948 alii
1074 917 1189 958 prefati
1215 918 1299 957 regis
1323 917 1572 948 ambassiatores
1596 920 1629 947 et
1652 918 1758 948 nuncii
1781 917 1823 948 ad
1846 922 1977 959 aposto-

327 975 384 1003 liee
415 973 499 1003 sedis
524 973 720 1013 presenciam
747 974 963 1008 accesserunt,
996 971 1047 1011 qui
1080 980 1150 1000 cum
1184 969 1284 1000 multa
1317 969 1409 1000 nobis
1433 970 1586 1000 instancia
1617 970 1700 1000 inter
1723 974 1832 1001 cetera
1856 970 1977 1012 suppli—

326 1030 445 1063 carunt,
471 1025 554 1065 qnod
580 1035 649 1054 cnm
675 1024 732 1064 ipsi
752 1026 900 1064 patenter
923 1022 1140 1060 advmterent,
1166 1022 1248 1051 sicut
1272 1022 1318 1051 eis
1343 1021 1403 1051 iam
1424 1032 1481 1062 per
1505 1032 1561 1051 nos
1584 1032 1680 1062 super
1704 1021 1764 1052 hoe
1789 1031 1977 1063 responsum

326 1078 485 1111 extiterat,
511 1076 595 1117 qnod
621 1079 750 1116 propter
774 1074 926 1115 generale
951 1073 1129 1108 concilium,
1157 1073 1241 1114 qnod
1267 1073 1296 1103 in
1316 1073 1386 1103 Kal.
1403 1073 1552 1103 Octobris
1576 1073 1723 1114 proxime
1748 1074 1888 1104 venturis
1913 1073 1977 1105 dis-

327 1139 533 1170 posueramus
557 1127 653 1158 dante
678 1127 815 1157 Domino
841 1130 871 1155 et
897 1125 1094 1166 disponimus
1118 1124 1301 1158 celebrare,
1331 1125 1459 1165 aliaque
1484 1125 1584 1155 multa
1610 1129 1641 1155 et
1665 1124 1766 1156 ardua
1789 1125 1977 1166 plurimum—

326 1192 386 1222 que
415 1181 576 1219 urgentia,
609 1190 670 1220 qne
701 1178 880 1209 necessario
914 1178 942 1207 in
973 1177 1212 1207 citramontanis
1243 1176 1387 1217 partibus
1418 1176 1623 1217 expedienda.
1651 1176 1742 1207 nobis
1769 1177 1901 1219 negotia
1929 1178 1977 1208 in-

326 1232 516 1263 cumbebant
533 1236 606 1262 tunc
623 1231 776 1271 temporis
801 1234 833 1259 et
850 1229 1043 1261 incumbunt.
1069 1228 1246 1269 predictam
1272 1229 1452 1259 unctionem
1479 1232 1511 1259 et
1530 1229 1654 1269 imperii
1672 1228 1823 1260 diadema
1846 1229 1975 1270 aliaque

325 1285 467 1314 solennia
493 1295 549 1324 per
573 1287 695 1313 nostras
719 1292 830 1312 manus
855 1282 920 1320 regi
947 1292 1007 1311 non
1034 1283 1182 1321 poterant
1206 1283 1384 1311 memorato
1409 1280 1558 1319 concedi⁷
1591 1281 1762 1311 terminum
1786 1281 1891 1322 ipsum
1918 1281 1976 1313 sub

326 1337 428 1377 spatio
453 1336 604 1376 temporis
630 1335 782 1364 brevioris
806 1333 997 1364 concludere
1022 1333 1188 1373 ipsamque
1213 1333 1396 1362 unctionem
1422 1336 1453 1362 et
1478 1332 1604 1373 imperii
1628 1331 1779 1363 diadema
1804 1336 1976 1374 ceteraque

326 1388 465 1418 solennia
492 1398 548 1427 per
572 1386 695 1426 aliquos
719 1385 758 1415 de
774 1386 923 1415 fratribus
947 1384 1138 1425 supradietis
1162 1384 1191 1414 in
1218 1384 1299 1415 festo
1317 1384 1533 1414 Pentecosten
1558 1387 1632 1414 tunc
1656 1385 1802 1424 proxime
1826 1388 1976 1416 secuturo

325 1440 462 1480 impendi
495 1440 601 1469 facere
633 1438 845 1476 dignaremur.
937 1439 983 1477 (1)
1013 1437 1079 1467 Nos
1109 1436 1201 1467 veros
1225 1436 1377 1477 predictis
1409 1437 1530 1466 nunciis
1562 1437 1700 1477 receptis
1730 1436 1976 1483 mansuetudine

324 1494 471 1521 eonsneta
499 1496 530 1520 et
554 1490 612 1520 hiis
645 1494 675 1519 et
699 1489 781 1520 aliis.
814 1500 875 1530 qne,
901 1500 1007 1519 coram
1034 1489 1124 1519 nobis
1149 1489 1318 1518 volucrunt
1342 1498 1538 1528 proponere,
1571 1487 1743 1529 diligenter
1766 1487 1899 1528 auditis,
1930 1489 1976 1519 eis

324 1549 410 1573 verto
439 1543 533 1573 modo
559 1542 706 1572 duximus
731 1541 1002 1582 respondendum.
1033 1540 1175 1571 eiusdem
1211 1540 1308 1581 regis,
1338 1550 1434 1580 super
1465 1539 1524 1569 boc
1554 1550 1625 1570 cum
1650 1539 1802 1580 predictis
1826 1540 1977 1571 fratribus

325 1595 438 1625 nostris
462 1594 603 1633 diligenti
630 1593 862 1624 deliberatione
889 1593 1071 1633 preliabita,
1096 1592 1319 1622 nichilominus
1343 1591 1512 1622 desideriis
1535 1601 1676 1621 annuere
1701 1591 1919 1631 intendentes⁷
1944 1595 1977 1623 et

325 1648 397 1687 qnia
417 1650 546 1686 propter
563 1645 715 1685 temporis
733 1645 860 1675 nimiam
881 1645 1068 1675 brevitatem
1092 1645 1122 1674 in
1140 1643 1224 1674 dieto
1243 1644 1324 1674 festo
1342 1643 1559 1674 Pentecosten
1576 1643 1801 1674 solennitatem
1819 1644 1976 1674 unctionis

325 1707 354 1727 et
381 1696 617 1739 eoi-‹niatlionils
634 1696 812 1727 huiusmodi
839 1708 898 1726 non
919 1708 1010 1737 posse
1028 1697 1095 1726 lieri
1114 1696 1326 1726 credebamus
1349 1706 1408 1725 nec
1434 1706 1490 1725 rex
1515 1695 1582 1736 ipse
1608 1696 1637 1725 in
1655 1695 1737 1726 festo
1755 1695 1880 1736 prefato
1904 1696 1975 1736 sibi,

324 1755 358 1780 ut
388 1751 455 1779 eius
479 1749 615 1779 decebat
640 1749 807 1779 honorem.
840 1748 879 1778 de
904 1752 1060 1789 apparatu
1090 1747 1129 1778 ad
1156 1747 1215 1778 hoe
1245 1748 1426 1778 necessario
1451 1748 1608 1788 potuisset
1632 1747 1763 1778 forsitan
1788 1747 1974 1788 providisse,

326 1802 570 1841 significavimus
588 1801 615 1831 ei
635 1812 691 1841 per
709 1809 830 1831 nostras
849 1801 972 1831 litteras
989 1800 1156 1841 speciales,
1174 1808 1208 1831 ut
1227 1801 1304 1830 tanti
1323 1799 1483 1830 arduitate
1500 1800 1626 1840 negocii
1644 1799 1816 1839 diligenter
1831 1800 1976 1841 inspecta

326 1861 357 1883 et.
381 1853 579 1883 considerata
606 1852 778 1892 prudenter
803 1853 956 1893 temporis
981 1853 1151 1893 qualitate,
1185 1852 1325 1893 aliquem
1351 1856 1473 1882 certum
1505 1855 1537 1882 et
1561 1851 1725 1882 solennem
1750 1850 1850 1887 diem,
1882 1855 1977 1892 prout

326 1905 471 1934 erederet
495 1905 674 1939 convenire,
700 1908 771 1945 post
788 1904 901 1935 festum
922 1905 1099 1945 predictum
1125 1904 1245 1943 eligere
1270 1905 1440 1944 ipsumque
1465 1903 1556 1934 nobis
1580 1904 1759 1943 significare
1787 1903 1872 1934 illius
1895 1903 1976 1935 deli-

327 1957 447 1986 beratio
479 1967 538 1986 non
564 1956 720 1988 differret,
751 1961 784 1986 nt
808 1956 888 1986 infra
914 1956 996 1986 diem
1023 1957 1141 1997 ipsum.
1173 1956 1298 1997 aliquos
1322 1955 1362 1986 de
1388 1955 1538 1986 fratribus
1562 1955 1765 1996 supradietis,
1797 1954 1837 1986 de
1863 1954 1977 1996 quibus

326 2008 499 2049 apostoliea
519 2007 707 2037 deliberatio
733 2007 924 2047 provideret.
951 2009 1002 2049 qui
1027 2009 1055 2038 ei
1081 2008 1237 2038 unctionis
1262 2007 1406 2038 eiusdem
1431 2017 1545 2038 munus
1569 2006 1793 2048 impenderent
1816 2010 1849 2038 et
1872 2008 1975 2048 impo-

326 2066 437 2090 nerent
461 2061 528 2089 riee
552 2066 656 2090 nostra
683 2060 841 2100 prefatum
868 2060 1015 2091 diadema
1041 2061 1164 2101 imperii
1198 2065 1229 2091 et
1259 2061 1322 2091 alia
1352 2059 1428 2090 inibi
1453 2059 1580 2100 agenda
1604 2059 1747 2090 solennia
1772 2061 1976 2100 peragerent,

326 2112 539 2144 mitteremus,
573 2112 704 2141 dilectos
741 2112 821 2142 tilios
858 2113 1026 2151 magistros
1061 2112 1237 2143 nobertum
1277 2112 1414 2143 electum
1445 2111 1708 2151 Salernitan(um)
1741 2114 1773 2142 et
1803 2110 1976 2152 lIugonem

328 2163 457 2193 (ieraldi
488 2170 648 2193 (·:lnt1)1·elll
682 2163 1005 2203 l¹etrago1·ieen(s‹,·m)
1037 2164 1222 2204 capellanos
1255 2169 1378 2194 nostros
1411 2163 1451 2194 ad
1485 2163 1622 2194 eundem
1654 2173 1764 2203 regem
1793 2172 1890 2203 super
1917 2162 1977 2193 hiis

327 2226 395 2245 enm
425 2215 544 2245 eisdem
577 2216 689 2245 nostris
718 2215 831 2245 litteris
855 2216 1066 2255 destinantes,
1101 2227 1158 2256 per
1182 2227 1261 2256 qnos
1290 2215 1348 2246 sibi
1379 2219 1512 2256 paterne
1543 2215 1733 2245 sinceritatis
1763 2214 1914 2246 affectum
1944 2217 1977 2245 et

327 2267 440 2297 mentis
464 2267 638 2307 apostolice
665 2268 846 2307 puritatem,
874 2279 951 2308 quos
975 2268 1016 2298 ad
1041 2272 1141 2298 status
1166 2268 1264 2308 ipsius
1292 2272 1324 2298 et
1349 2267 1580 2298 exaltationem
1605 2266 1806 2307 magnificam
1831 2265 1975 2297 habeba-

327 2329 403 2349 mus.
431 2318 650 2348 mandavimus
675 2319 789 2349 elarius
807 2320 960 2359 ‚aperiri¹.
1051 2320 1232 2358 (5†=V‹¹1'11111
1259 2330 1314 2350 rex
1333 2319 1476 2360 prefatus
1500 2329 1596 2359 super
1619 2318 1680 2349 hoc
1703 2322 1829 2349 matura
1853 2317 1976 2349 delibe-

296 2386 298 2389 ν
329 2371 449 2400 ratione
475 2370 640 2411 prehabila
668 2371 781 2401 l'estnm
808 2372 1033 2412 assumptionis
1057 2371 1151 2402 beate
1166 2371 1307 2411 Virginis
1332 2372 1478 2412 proxime
1501 2375 1668 2401 venturum
1693 2380 1750 2411 pro
1775 2370 1910 2401 termino
1934 2369 1976 2400 ad

330 2421 544 2462 reeipiemlnm
571 2422 598 2452 in
620 2422 748 2453 basilica
775 2424 925 2463 principis
950 2423 1167 2463 apostolorum
1193 2423 1232 2454 de
1251 2423 1338 2453 l'rbe.
1363 2434 1452 2454 more
1477 2422 1569 2453 solito
1594 2423 1777 2453 unctionem
1794 2421 1974 2452 huiusmodi

329 2482 355 2501 ei
387 2474 482 2513 ips-ins
512 2474 633 2513 imperii
666 2474 814 2505 diadema
844 2475 970 2514 aliaque
1005 2475 1080 2505 inibi
1111 2475 1252 2506 solennia
1283 2475 1467 2515 peragenda
1504 2475 1640 2515 recepit,
1674 2478 1769 2515 prout
1796 2473 1888 2504 nobis
1918 2484 1977 2515 per

328 2525 474 2554 solennes
498 2531 589 2554 suos-t<
606 2525 854 2556 ambassiatores
878 2537 914 2557 ac
923 2527 934 2544 ¹¹
953 2528 1078 2557 nuntios
1095 2538 1152 2567 per
1169 2527 1325 2567 speciales
1343 2527 1466 2557 litteras
1484 2527 1642 2557 intimavit
1665 2536 1721 2556 suo
1746 2525 1846 2567 regali
1870 2525 1974 2567 sigillo

330 2576 476 2616 pendenti
507 2577 672 2609 munitas-²,
706 2588 776 2608 cuin
802 2579 898 2608 mulla
925 2578 1104 2608 devotionis
1133 2579 1281 2608 instantia
1306 2579 1487 2619 supplicans
1513 2589 1569 2619 per
1593 2577 1740 2613 eosdem,
1770 2582 1805 2608 ut
1833 2577 1875 2608 ad
1903 2587 1976 2608 eum

328 2628 449 2667 aliquos
474 2629 676 2658 micterenms
701 2629 739 2659 de
766 2630 916 2659 fratribus
941 2630 1124 2661 memoratis
1150 2641 1205 2670 pro
1231 2630 1447 2671 impendenda
1470 2630 1620 2660 unctione
1645 2628 1826 2660 huiusmodi
1856 2633 1888 2659 et
1916 2629 1974 2659 im-

330 2679 474 2717 ponendo
500 2680 556 2708 sibi
577 2680 717 2710 eiusdem
744 2681 867 2721 imperii
886 2682 1032 2712 diadema
1059 2682 1193 2723 aliisque
1219 2682 1402 2712 solennibus
1420 2681 1622 2723 peragendis.
1668 2681 1768 2712 Porro
1793 2681 1817 2711 si
1837 2680 1976 2721 desuper

431 2746 495 2772 ‘iss-
516 2748 533 2764 s*
555 2749 631 2779 igitur
651 2750 666 2773 ’.3
689 2751 720 2776 .l:
741 2752 765 2773 in
787 2760 879 2774 ravum
900 2750 915 2775 *2
938 2752 965 2775 lu'.
1055 2753 1079 2775 “l
1098 2760 1157 2775 snos
1177 2752 1293 2775 solennes
1312 2752 1328 2775 ’.Ζ
1351 2752 1378 2775 Ir'.
1469 2750 1492 2778 ¹¹)
1510 2758 1533 2776 et
1553 2752 1568 2775 :2
1591 2751 1618 2775 Ι).

435 2800 455 2822 ll
479 2802 567 2829 snpra
590 2808 628 2823 111',
644 2804 698 2823 fort.
773 2804 787 2825 3
821 2803 891 2833 (juris
910 2805 1027 2826 ssi-mmm*
1048 2811 1099 2827 mm
1122 2804 1190 2826 sunl.
1232 2802 1439 2827 laiso-uinculum
1463 2811 1481 2827 r.
1497 2810 1578 2834 snpra
1600 2809 1638 2827 ur.
1653 2804 1707 2827 mto‘.

1997 723 2022 742 10

1998 982 2021 1000 15

1995 1239 2021 1258 20

1996 1499 2020 1518 25

1995 2017 2021 2037 ³³

1994 2275 2023 2295 ⁴0

1993 2534 2024 2553 ⁴⁵
