<?xml version="1.0" encoding="UTF-8"?>
<!DOCTYPE html PUBLIC "-//W3C//DTD XHTML 1.0 Transitional//EN"
    "http://www.w3.org/TR/xhtml1/DTD/xhtml1-transitional.dtd">
<html xmlns="http://www.w3.org/1999/xhtml" xml:lang="en" lang="en">
 <head>
  <title>
</title>
<meta http-equiv="Content-Type" content="text/html;charset=utf-8" />
  <meta name='ocr-system' content='tesseract 3.04.00' />
  <meta name='ocr-capabilities' content='ocr_page ocr_carea ocr_par ocr_line ocrx_word'/>
</head>
<body>
  <div class='ocr_page' id='page_1' title='image "./p1monumentagescr04geseuoft_0607.png"; bbox 0 0 2044 3137; ppageno 0'>
   <div class='ocr_carea' id='block_1_1' title="bbox 24 746 48 764">
    <p class='ocr_par' dir='ltr' id='par_1_1' title="bbox 24 746 48 764">
     <span class='ocr_line' id='line_1_1' title="bbox 24 746 48 764; baseline 0 0"><span class='ocrx_word' id='word_1_1' title='bbox 24 746 48 764; x_wconf 87' lang='lat'>10</span> 
     </span>
    </p>
   </div>
   <div class='ocr_carea' id='block_1_2' title="bbox 23 1003 46 1021">
    <p class='ocr_par' dir='ltr' id='par_1_2' title="bbox 23 1003 46 1021">
     <span class='ocr_line' id='line_1_2' title="bbox 23 1003 46 1021; baseline 0.043 -1"><span class='ocrx_word' id='word_1_2' title='bbox 23 1003 46 1021; x_wconf 83' lang='lat'>15</span> 
     </span>
    </p>
   </div>
   <div class='ocr_carea' id='block_1_3' title="bbox 22 1260 47 1280">
    <p class='ocr_par' dir='ltr' id='par_1_3' title="bbox 22 1260 47 1280">
     <span class='ocr_line' id='line_1_3' title="bbox 22 1260 47 1280; baseline -0.04 0"><span class='ocrx_word' id='word_1_3' title='bbox 22 1260 47 1280; x_wconf 83' lang='lat'>20</span> 
     </span>
    </p>
   </div>
   <div class='ocr_carea' id='block_1_4' title="bbox 23 1607 47 1626">
    <p class='ocr_par' dir='ltr' id='par_1_4' title="bbox 23 1607 47 1626">
     <span class='ocr_line' id='line_1_4' title="bbox 23 1607 47 1626; baseline 0 0"><span class='ocrx_word' id='word_1_4' title='bbox 23 1607 47 1626; x_wconf 77' lang='lat'>25</span> 
     </span>
    </p>
   </div>
   <div class='ocr_carea' id='block_1_5' title="bbox 22 1872 47 1891">
    <p class='ocr_par' dir='ltr' id='par_1_5' title="bbox 22 1872 47 1891">
     <span class='ocr_line' id='line_1_5' title="bbox 22 1872 47 1891; baseline -0.04 0"><span class='ocrx_word' id='word_1_5' title='bbox 22 1872 47 1891; x_wconf 81' lang='lat'>30</span> 
     </span>
    </p>
   </div>
   <div class='ocr_carea' id='block_1_6' title="bbox 23 2129 48 2149">
    <p class='ocr_par' dir='ltr' id='par_1_6' title="bbox 23 2129 48 2149">
     <span class='ocr_line' id='line_1_6' title="bbox 23 2129 48 2149; baseline 0 0"><span class='ocrx_word' id='word_1_6' title='bbox 23 2129 48 2149; x_wconf 80' lang='lat'>35</span> 
     </span>
    </p>
   </div>
   <div class='ocr_carea' id='block_1_7' title="bbox 24 2389 49 2408">
    <p class='ocr_par' dir='ltr' id='par_1_7' title="bbox 24 2389 49 2408">
     <span class='ocr_line' id='line_1_7' title="bbox 24 2389 49 2408; baseline 0.04 -1"><span class='ocrx_word' id='word_1_7' title='bbox 24 2389 49 2408; x_wconf 75' lang='lat'>40</span> 
     </span>
    </p>
   </div>
   <div class='ocr_carea' id='block_1_8' title="bbox 430 163 1712 199">
    <p class='ocr_par' dir='ltr' id='par_1_8' title="bbox 430 163 1712 199">
     <span class='ocr_line' id='line_1_8' title="bbox 430 163 1712 199; baseline 0.009 -11"><span class='ocrx_word' id='word_1_8' title='bbox 430 163 593 189; x_wconf 66' lang='lat' dir='ltr'>HEINRICI</span> <span class='ocrx_word' id='word_1_9' title='bbox 615 163 674 189; x_wconf 70' lang='lat' dir='ltr'>VH.</span> <span class='ocrx_word' id='word_1_10' title='bbox 695 164 1018 193; x_wconf 60' lang='lat' dir='ltr'>cONsTITUTIONFS.</span> <span class='ocrx_word' id='word_1_11' title='bbox 1058 168 1130 194; x_wconf 80' lang='lat'>1311.</span> <span class='ocrx_word' id='word_1_12' title='bbox 1169 167 1215 194; x_wconf 68' lang='grc' dir='ltr'>ΧΓ.</span> <span class='ocrx_word' id='word_1_13' title='bbox 1230 168 1358 194; x_wconf 46' lang='grc'>60160»</span> <span class='ocrx_word' id='word_1_14' title='bbox 1659 170 1712 199; x_wconf 74' lang='grc'>571</span> 
     </span>
    </p>
   </div>
   <div class='ocr_carea' id='block_1_9' title="bbox 68 249 1718 396">
    <p class='ocr_par' dir='ltr' id='par_1_9' title="bbox 68 249 1718 396">
     <span class='ocr_line' id='line_1_9' title="bbox 68 249 1718 290; baseline 0.002 -9"><span class='ocrx_word' id='word_1_15' title='bbox 68 252 131 281; x_wconf 74' lang='lat'>458</span> <span class='ocrx_word' id='word_1_16' title='bbox 153 250 288 281; x_wconf 75' lang='lat' dir='ltr'>edendas</span> <span class='ocrx_word' id='word_1_17' title='bbox 303 249 516 280; x_wconf 71' lang='lat' dir='ltr'>adhibuimus.</span> <span class='ocrx_word' id='word_1_18' title='bbox 536 250 592 290; x_wconf 79' lang='lat' dir='ltr'>fol.</span> <span class='ocrx_word' id='word_1_19' title='bbox 614 253 631 280; x_wconf 82' lang='lat'><em>7</em></span> <span class='ocrx_word' id='word_1_20' title='bbox 656 262 703 282; x_wconf 65' lang='grc' dir='ltr'>ην.</span> <span class='ocrx_word' id='word_1_21' title='bbox 721 253 771 282; x_wconf 67' lang='lat'>43.</span> <span class='ocrx_word' id='word_1_22' title='bbox 812 252 954 283; x_wconf 66' lang='lat' dir='ltr'>Rubrum</span> <span class='ocrx_word' id='word_1_23' title='bbox 973 252 1025 290; x_wconf 80' lang='lat' dir='ltr'>sol.</span> <span class='ocrx_word' id='word_1_24' title='bbox 1044 252 1083 283; x_wconf 64' lang='lat'>24</span> <span class='ocrx_word' id='word_1_25' title='bbox 1110 254 1284 284; x_wconf 70' lang='lat' dir='ltr'>indicatur:</span> <span class='ocrx_word' id='word_1_26' title='bbox 1308 254 1436 285; x_wconf 65' lang='lat' dir='ltr'>Missiva</span> <span class='ocrx_word' id='word_1_27' title='bbox 1455 254 1494 285; x_wconf 83' lang='lat' dir='ltr'>dc</span> <span class='ocrx_word' id='word_1_28' title='bbox 1513 254 1718 285; x_wconf 84' lang='lat' dir='ltr'>coronatione</span> 
     </span>
     <span class='ocr_line' id='line_1_10' title="bbox 69 301 1578 345; baseline 0.001 -11"><span class='ocrx_word' id='word_1_29' title='bbox 69 314 134 334; x_wconf 84' lang='lat' dir='ltr'>sua.</span> <span class='ocrx_word' id='word_1_30' title='bbox 181 301 294 332; x_wconf 78' lang='lat' dir='ltr'><em>Edidit</em></span> <span class='ocrx_word' id='word_1_31' title='bbox 321 301 426 333; x_wconf 63' lang='lat' dir='ltr'>Chim]</span> <span class='ocrx_word' id='word_1_32' title='bbox 450 301 512 331; x_wconf 70' lang='lat' dir='ltr'>loco</span> <span class='ocrx_word' id='word_1_33' title='bbox 535 312 633 341; x_wconf 67' lang='lat' dir='ltr'>snpra</span> <span class='ocrx_word' id='word_1_34' title='bbox 658 303 752 332; x_wconf 68' lang='lat' dir='ltr'>citato</span> <span class='ocrx_word' id='word_1_35' title='bbox 776 303 823 334; x_wconf 86' lang='lat' dir='ltr'>II.</span> <span class='ocrx_word' id='word_1_36' title='bbox 841 303 903 333; x_wconf 70' lang='lat'>3:²3</span> <span class='ocrx_word' id='word_1_37' title='bbox 928 314 974 334; x_wconf 73' lang='lat' dir='ltr'>nr.</span> <span class='ocrx_word' id='word_1_38' title='bbox 993 306 1022 335; x_wconf 65' lang='grc' dir='ltr'>ὅ.</span> <span class='ocrx_word' id='word_1_39' title='bbox 1047 322 1088 326; x_wconf 83' lang='lat'>-—</span> <span class='ocrx_word' id='word_1_40' title='bbox 1112 304 1256 336; x_wconf 49' lang='lat' dir='ltr'>Bahman</span> <span class='ocrx_word' id='word_1_41' title='bbox 1284 305 1578 345; x_wconf 53' lang='lat' dir='ltr'>RffgJ.Heinr..²;15·7.</span> 
     </span>
     <span class='ocr_line' id='line_1_11' title="bbox 1425 357 1611 396; baseline 0 -9"><span class='ocrx_word' id='word_1_42' title='bbox 1425 357 1478 396; x_wconf 84' lang='lat'>(1¹.</span> <span class='ocrx_word' id='word_1_43' title='bbox 1503 357 1611 395; x_wconf 67' lang='lat' dir='ltr'>deest.)</span> 
     </span>
    </p>
   </div>
   <div class='ocr_carea' id='block_1_10' title="bbox 64 421 1719 1337">
    <p class='ocr_par' dir='ltr' id='par_1_10' title="bbox 174 421 1232 465">
     <span class='ocr_line' id='line_1_12' title="bbox 174 421 1232 465; baseline 0.001 -11"><span class='ocrx_word' id='word_1_44' title='bbox 174 423 346 454; x_wconf 88' lang='lat' dir='ltr'>Heinricus</span> <span class='ocrx_word' id='word_1_45' title='bbox 370 421 430 452; x_wconf 89' lang='lat' dir='ltr'>Dei</span> <span class='ocrx_word' id='word_1_46' title='bbox 455 422 556 462; x_wconf 80' lang='lat' dir='ltr'>gratia</span> <span class='ocrx_word' id='word_1_47' title='bbox 583 429 643 452; x_wconf 88' lang='lat' dir='ltr'>etc.</span> <span class='ocrx_word' id='word_1_48' title='bbox 712 423 887 454; x_wconf 72' lang='lat' dir='ltr'>venerabili</span> <span class='ocrx_word' id='word_1_49' title='bbox 913 424 1047 454; x_wconf 79' lang='lat' dir='ltr'>Iohanni</span> <span class='ocrx_word' id='word_1_50' title='bbox 1071 431 1104 454; x_wconf 87' lang='lat' dir='ltr'>ut</span> <span class='ocrx_word' id='word_1_51' title='bbox 1128 435 1232 465; x_wconf 77' lang='lat' dir='ltr'>supra.</span> 
     </span>
    </p>

    <p class='ocr_par' dir='ltr' id='par_1_11' title="bbox 64 473 1719 1294">
     <span class='ocr_line' id='line_1_13' title="bbox 176 473 1719 518; baseline 0.001 -12"><span class='ocrx_word' id='word_1_52' title='bbox 176 474 255 506; x_wconf 82' lang='lat' dir='ltr'>Cum</span> <span class='ocrx_word' id='word_1_53' title='bbox 286 474 503 505; x_wconf 72' lang='lat' dir='ltr'>sanctissimus</span> <span class='ocrx_word' id='word_1_54' title='bbox 534 474 564 504; x_wconf 87' lang='lat' dir='ltr'>in</span> <span class='ocrx_word' id='word_1_55' title='bbox 595 473 721 504; x_wconf 85' lang='lat' dir='ltr'>Christo</span> <span class='ocrx_word' id='word_1_56' title='bbox 752 481 844 515; x_wconf 77' lang='lat' dir='ltr'>pater</span> <span class='ocrx_word' id='word_1_57' title='bbox 875 475 1021 506; x_wconf 80' lang='lat' dir='ltr'>dominus</span> <span class='ocrx_word' id='word_1_58' title='bbox 1052 487 1193 506; x_wconf 84' lang='lat' dir='ltr'>summus</span> <span class='ocrx_word' id='word_1_59' title='bbox 1225 477 1369 516; x_wconf 73' lang='lat' dir='ltr'>pontifex</span> <span class='ocrx_word' id='word_1_60' title='bbox 1403 477 1445 507; x_wconf 82' lang='lat' dir='ltr'>ad</span> <span class='ocrx_word' id='word_1_61' title='bbox 1475 477 1719 518; x_wconf 63' lang='lat' dir='ltr'>supliffltionem</span> 
     </span>
     <span class='ocr_line' id='line_1_14' title="bbox 66 526 1718 569; baseline 0 -10"><span class='ocrx_word' id='word_1_62' title='bbox 66 532 206 559; x_wconf 87' lang='lat' dir='ltr'>nostram</span> <span class='ocrx_word' id='word_1_63' title='bbox 230 527 402 557; x_wconf 86' lang='lat' dir='ltr'>terminum</span> <span class='ocrx_word' id='word_1_64' title='bbox 426 526 639 556; x_wconf 77' lang='lat' dir='ltr'>coronationis</span> <span class='ocrx_word' id='word_1_65' title='bbox 669 533 775 557; x_wconf 77' lang='lat' dir='ltr'>nostre</span> <span class='ocrx_word' id='word_1_66' title='bbox 808 528 886 557; x_wconf 82' lang='lat' dir='ltr'>alias</span> <span class='ocrx_word' id='word_1_67' title='bbox 911 528 1068 568; x_wconf 78' lang='lat' dir='ltr'>prefixum</span> <span class='ocrx_word' id='word_1_68' title='bbox 1097 527 1279 559; x_wconf 74' lang='lat' dir='ltr'>abrevians.</span> <span class='ocrx_word' id='word_1_69' title='bbox 1311 529 1402 559; x_wconf 70' lang='lat' dir='ltr'>nobis</span> <span class='ocrx_word' id='word_1_70' title='bbox 1427 529 1543 559; x_wconf 87' lang='lat' dir='ltr'>festum</span> <span class='ocrx_word' id='word_1_71' title='bbox 1575 539 1718 569; x_wconf 74' lang='lat' dir='ltr'>assump-</span> 
     </span>
     <span class='ocr_line' id='line_1_15' title="bbox 67 577 1715 621; baseline 0 -10"><span class='ocrx_word' id='word_1_72' title='bbox 67 580 160 611; x_wconf 79' lang='lat' dir='ltr'>tionis</span> <span class='ocrx_word' id='word_1_73' title='bbox 177 579 361 610; x_wconf 78' lang='lat' dir='ltr'>beatissime</span> <span class='ocrx_word' id='word_1_74' title='bbox 379 577 520 618; x_wconf 65' lang='lat' dir='ltr'>Virginis</span> <span class='ocrx_word' id='word_1_75' title='bbox 538 578 718 618; x_wconf 79' lang='lat' dir='ltr'>proximum</span> <span class='ocrx_word' id='word_1_76' title='bbox 743 578 783 608; x_wconf 80' lang='lat' dir='ltr'>ad</span> <span class='ocrx_word' id='word_1_77' title='bbox 808 579 1027 619; x_wconf 84' lang='lat' dir='ltr'>recipiendum</span> <span class='ocrx_word' id='word_1_78' title='bbox 1052 579 1218 620; x_wconf 83' lang='lat' dir='ltr'>imperiale</span> <span class='ocrx_word' id='word_1_79' title='bbox 1237 579 1394 621; x_wconf 67' lang='lat' dir='ltr'>dyadema</span> <span class='ocrx_word' id='word_1_80' title='bbox 1421 581 1450 610; x_wconf 91' lang='lat' dir='ltr'>in</span> <span class='ocrx_word' id='word_1_81' title='bbox 1475 580 1554 611; x_wconf 90' lang='lat' dir='ltr'>urbe</span> <span class='ocrx_word' id='word_1_82' title='bbox 1571 580 1715 611; x_wconf 85' lang='lat' dir='ltr'>Romana</span> 
     </span>
     <span class='ocr_line' id='line_1_16' title="bbox 66 629 1719 673; baseline -0.001 -10"><span class='ocrx_word' id='word_1_83' title='bbox 66 642 125 673; x_wconf 85' lang='lat' dir='ltr'>per</span> <span class='ocrx_word' id='word_1_84' title='bbox 146 636 255 672; x_wconf 85' lang='lat' dir='ltr'>patres</span> <span class='ocrx_word' id='word_1_85' title='bbox 279 629 474 660; x_wconf 77' lang='lat' dir='ltr'>reverendos</span> <span class='ocrx_word' id='word_1_86' title='bbox 498 629 644 659; x_wconf 77' lang='lat' dir='ltr'>dominos</span> <span class='ocrx_word' id='word_1_87' title='bbox 669 629 861 670; x_wconf 64' lang='lat' dir='ltr'>cardinales,</span> <span class='ocrx_word' id='word_1_88' title='bbox 893 641 972 671; x_wconf 82' lang='lat' dir='ltr'>quos</span> <span class='ocrx_word' id='word_1_89' title='bbox 1002 631 1043 661; x_wconf 87' lang='lat' dir='ltr'>ad</span> <span class='ocrx_word' id='word_1_90' title='bbox 1067 631 1126 661; x_wconf 59' lang='lat' dir='ltr'>hot¹</span> <span class='ocrx_word' id='word_1_91' title='bbox 1150 632 1270 662; x_wconf 86' lang='lat' dir='ltr'>mittet.</span> <span class='ocrx_word' id='word_1_92' title='bbox 1302 642 1371 662; x_wconf 86' lang='lat' dir='ltr'>cum</span> <span class='ocrx_word' id='word_1_93' title='bbox 1397 632 1465 672; x_wconf 84' lang='lat' dir='ltr'>ipse</span> <span class='ocrx_word' id='word_1_94' title='bbox 1490 636 1621 672; x_wconf 88' lang='lat' dir='ltr'>propter</span> <span class='ocrx_word' id='word_1_95' title='bbox 1645 642 1719 662; x_wconf 91' lang='lat' dir='ltr'>con-</span> 
     </span>
     <span class='ocr_line' id='line_1_17' title="bbox 67 680 1719 724; baseline -0.001 -10"><span class='ocrx_word' id='word_1_96' title='bbox 67 683 173 715; x_wconf 89' lang='lat' dir='ltr'>cilium</span> <span class='ocrx_word' id='word_1_97' title='bbox 197 682 365 724; x_wconf 55' lang='lat' dir='ltr'>generale.</span> <span class='ocrx_word' id='word_1_98' title='bbox 391 680 476 721; x_wconf 88' lang='lat' dir='ltr'>quod</span> <span class='ocrx_word' id='word_1_99' title='bbox 501 688 573 711; x_wconf 86' lang='lat' dir='ltr'>tunc</span> <span class='ocrx_word' id='word_1_100' title='bbox 598 681 744 721; x_wconf 76' lang='lat' dir='ltr'>proxime</span> <span class='ocrx_word' id='word_1_101' title='bbox 769 691 828 722; x_wconf 86' lang='lat' dir='ltr'>per</span> <span class='ocrx_word' id='word_1_102' title='bbox 850 682 954 722; x_wconf 82' lang='lat' dir='ltr'>ipsum</span> <span class='ocrx_word' id='word_1_103' title='bbox 979 681 1135 712; x_wconf 87' lang='lat' dir='ltr'>celebrari</span> <span class='ocrx_word' id='word_1_104' title='bbox 1162 686 1303 723; x_wconf 75' lang='lat' dir='ltr'>oportet,</span> <span class='ocrx_word' id='word_1_105' title='bbox 1329 683 1541 723; x_wconf 82' lang='lat' dir='ltr'>personaliter</span> <span class='ocrx_word' id='word_1_106' title='bbox 1564 684 1719 714; x_wconf 73' lang='lat' dir='ltr'>interesse</span> 
     </span>
     <span class='ocr_line' id='line_1_18' title="bbox 65 732 1719 776; baseline 0 -10"><span class='ocrx_word' id='word_1_107' title='bbox 65 746 128 766; x_wconf 89' lang='lat' dir='ltr'>non</span> <span class='ocrx_word' id='word_1_108' title='bbox 144 734 254 776; x_wconf 75' lang='lat' dir='ltr'>possit,</span> <span class='ocrx_word' id='word_1_109' title='bbox 278 744 336 774; x_wconf 88' lang='lat' dir='ltr'>per</span> <span class='ocrx_word' id='word_1_110' title='bbox 360 732 555 774; x_wconf 79' lang='lat' dir='ltr'>sollempnes</span> <span class='ocrx_word' id='word_1_111' title='bbox 579 744 652 763; x_wconf 89' lang='lat' dir='ltr'>suos</span> <span class='ocrx_word' id='word_1_112' title='bbox 676 734 807 764; x_wconf 80' lang='lat' dir='ltr'>nuncios</span> <span class='ocrx_word' id='word_1_113' title='bbox 832 738 863 764; x_wconf 84' lang='lat' dir='ltr'>et</span> <span class='ocrx_word' id='word_1_114' title='bbox 880 734 1004 765; x_wconf 74' lang='lat' dir='ltr'>litteras</span> <span class='ocrx_word' id='word_1_115' title='bbox 1021 734 1080 765; x_wconf 84' lang='lat' dir='ltr'>hiis</span> <span class='ocrx_word' id='word_1_116' title='bbox 1099 734 1212 765; x_wconf 82' lang='lat' dir='ltr'>diebus</span> <span class='ocrx_word' id='word_1_117' title='bbox 1236 735 1321 775; x_wconf 88' lang='lat' dir='ltr'>apud</span> <span class='ocrx_word' id='word_1_118' title='bbox 1338 735 1567 776; x_wconf 65' lang='lat' dir='ltr'>Medyolanum</span> <span class='ocrx_word' id='word_1_119' title='bbox 1592 736 1719 776; x_wconf 88' lang='lat' dir='ltr'>publice</span> 
     </span>
     <span class='ocr_line' id='line_1_19' title="bbox 65 784 1719 828; baseline 0 -10"><span class='ocrx_word' id='word_1_120' title='bbox 65 791 193 818; x_wconf 82' lang='lat' dir='ltr'>caterva</span> <span class='ocrx_word' id='word_1_121' title='bbox 217 785 387 826; x_wconf 84' lang='lat' dir='ltr'>sollempni</span> <span class='ocrx_word' id='word_1_122' title='bbox 410 785 605 826; x_wconf 73' lang='lat' dir='ltr'>principum,</span> <span class='ocrx_word' id='word_1_123' title='bbox 638 784 794 816; x_wconf 88' lang='lat' dir='ltr'>baronum</span> <span class='ocrx_word' id='word_1_124' title='bbox 825 790 857 816; x_wconf 86' lang='lat' dir='ltr'>et</span> <span class='ocrx_word' id='word_1_125' title='bbox 880 786 1033 816; x_wconf 86' lang='lat' dir='ltr'>nobilium</span> <span class='ocrx_word' id='word_1_126' title='bbox 1059 790 1208 827; x_wconf 78' lang='lat' dir='ltr'>presente</span> <span class='ocrx_word' id='word_1_127' title='bbox 1233 798 1289 827; x_wconf 89' lang='lat' dir='ltr'>pro</span> <span class='ocrx_word' id='word_1_128' title='bbox 1315 788 1465 819; x_wconf 84' lang='lat' dir='ltr'>termino.</span> <span class='ocrx_word' id='word_1_129' title='bbox 1502 798 1597 828; x_wconf 80' lang='lat' dir='ltr'>quem</span> <span class='ocrx_word' id='word_1_130' title='bbox 1623 788 1719 818; x_wconf 84' lang='lat' dir='ltr'>etiam</span> 
     </span>
     <span class='ocr_line' id='line_1_20' title="bbox 66 838 1719 881; baseline 0 -11"><span class='ocrx_word' id='word_1_131' title='bbox 66 838 231 879; x_wconf 68' lang='lat' dir='ltr'>elegimus,</span> <span class='ocrx_word' id='word_1_132' title='bbox 256 838 439 879; x_wconf 72' lang='lat' dir='ltr'>assignavit.</span> <span class='ocrx_word' id='word_1_133' title='bbox 507 839 723 868; x_wconf 78' lang='lat' dir='ltr'>sinceritatem</span> <span class='ocrx_word' id='word_1_134' title='bbox 742 846 828 868; x_wconf 91' lang='lat' dir='ltr'>tuam</span> <span class='ocrx_word' id='word_1_135' title='bbox 847 839 1045 879; x_wconf 77' lang='lat' dir='ltr'>requirimus.</span> <span class='ocrx_word' id='word_1_136' title='bbox 1070 850 1237 869; x_wconf 87' lang='lat' dir='ltr'>monemus</span> <span class='ocrx_word' id='word_1_137' title='bbox 1255 846 1286 869; x_wconf 88' lang='lat' dir='ltr'>et</span> <span class='ocrx_word' id='word_1_138' title='bbox 1303 839 1467 870; x_wconf 84' lang='lat' dir='ltr'>hortamur</span> <span class='ocrx_word' id='word_1_139' title='bbox 1484 843 1605 871; x_wconf 81' lang='lat' dir='ltr'>attente</span> <span class='ocrx_word' id='word_1_140' title='bbox 1623 846 1719 881; x_wconf 85' lang='lat' dir='ltr'>teque</span> 
     </span>
     <span class='ocr_line' id='line_1_21' title="bbox 64 889 1718 932; baseline -0.001 -10"><span class='ocrx_word' id='word_1_141' title='bbox 64 890 282 932; x_wconf 84' lang='lat' dir='ltr'>peremptorie</span> <span class='ocrx_word' id='word_1_142' title='bbox 306 890 454 922; x_wconf 78' lang='lat' dir='ltr'>citamus,</span> <span class='ocrx_word' id='word_1_143' title='bbox 480 897 514 920; x_wconf 88' lang='lat' dir='ltr'>ut</span> <span class='ocrx_word' id='word_1_144' title='bbox 537 890 569 920; x_wconf 91' lang='lat' dir='ltr'>in</span> <span class='ocrx_word' id='word_1_145' title='bbox 592 889 773 920; x_wconf 88' lang='lat' dir='ltr'>huiusmodi</span> <span class='ocrx_word' id='word_1_146' title='bbox 799 891 1005 921; x_wconf 82' lang='lat' dir='ltr'>coronatione</span> <span class='ocrx_word' id='word_1_147' title='bbox 1031 894 1152 922; x_wconf 87' lang='lat' dir='ltr'>nostra.</span> <span class='ocrx_word' id='word_1_148' title='bbox 1179 898 1273 931; x_wconf 86' lang='lat' dir='ltr'>prout</span> <span class='ocrx_word' id='word_1_149' title='bbox 1297 891 1350 921; x_wconf 83' lang='lat' dir='ltr'>alii</span> <span class='ocrx_word' id='word_1_150' title='bbox 1375 892 1548 932; x_wconf 70' lang='lat' dir='ltr'>principes,</span> <span class='ocrx_word' id='word_1_151' title='bbox 1571 891 1718 929; x_wconf 70' lang='lat' dir='ltr'>barones.</span> 
     </span>
     <span class='ocr_line' id='line_1_22' title="bbox 65 941 1719 984; baseline 0 -11"><span class='ocrx_word' id='word_1_152' title='bbox 65 942 189 974; x_wconf 88' lang='lat' dir='ltr'>nobiles</span> <span class='ocrx_word' id='word_1_153' title='bbox 213 946 246 972; x_wconf 88' lang='lat' dir='ltr'>et</span> <span class='ocrx_word' id='word_1_154' title='bbox 269 941 381 973; x_wconf 79' lang='lat' dir='ltr'>vasalli</span> <span class='ocrx_word' id='word_1_155' title='bbox 404 942 531 982; x_wconf 89' lang='lat' dir='ltr'>imperii</span> <span class='ocrx_word' id='word_1_156' title='bbox 555 952 574 972; x_wconf 88' lang='lat' dir='ltr'>a</span> <span class='ocrx_word' id='word_1_157' title='bbox 596 942 664 972; x_wconf 89' lang='lat' dir='ltr'>iure</span> <span class='ocrx_word' id='word_1_158' title='bbox 687 942 789 972; x_wconf 89' lang='lat' dir='ltr'>teneri</span> <span class='ocrx_word' id='word_1_159' title='bbox 806 941 1020 973; x_wconf 85' lang='lat' dir='ltr'>dinoscuntur.</span> <span class='ocrx_word' id='word_1_160' title='bbox 1045 942 1137 973; x_wconf 79' lang='lat' dir='ltr'>nobis</span> <span class='ocrx_word' id='word_1_161' title='bbox 1161 943 1348 973; x_wconf 86' lang='lat' dir='ltr'>comitatum</span> <span class='ocrx_word' id='word_1_162' title='bbox 1367 944 1465 973; x_wconf 60' lang='lat' dir='ltr'>facias</span> <span class='ocrx_word' id='word_1_163' title='bbox 1491 947 1522 973; x_wconf 87' lang='lat' dir='ltr'>et</span> <span class='ocrx_word' id='word_1_164' title='bbox 1546 944 1602 984; x_wconf 72' lang='lat' dir='ltr'>ipsi</span> <span class='ocrx_word' id='word_1_165' title='bbox 1629 954 1719 974; x_wconf 89' lang='lat' dir='ltr'>coro-</span> 
     </span>
     <span class='ocr_line' id='line_1_23' title="bbox 64 993 1718 1026; baseline 0 -1"><span class='ocrx_word' id='word_1_166' title='bbox 64 994 185 1026; x_wconf 84' lang='lat' dir='ltr'>nationi</span> <span class='ocrx_word' id='word_1_167' title='bbox 201 993 285 1024; x_wconf 87' lang='lat' dir='ltr'>dicto</span> <span class='ocrx_word' id='word_1_168' title='bbox 309 993 380 1024; x_wconf 90' lang='lat' dir='ltr'>loco</span> <span class='ocrx_word' id='word_1_169' title='bbox 405 998 438 1024; x_wconf 89' lang='lat' dir='ltr'>et</span> <span class='ocrx_word' id='word_1_170' title='bbox 454 994 590 1024; x_wconf 85' lang='lat' dir='ltr'>termino</span> <span class='ocrx_word' id='word_1_171' title='bbox 609 993 762 1024; x_wconf 86' lang='lat' dir='ltr'>decenter</span> <span class='ocrx_word' id='word_1_172' title='bbox 785 993 915 1024; x_wconf 75' lang='lat' dir='ltr'>studeas</span> <span class='ocrx_word' id='word_1_173' title='bbox 939 994 1094 1024; x_wconf 81' lang='lat' dir='ltr'>interesse</span> <span class='ocrx_word' id='word_1_174' title='bbox 1120 1004 1178 1024; x_wconf 89' lang='lat' dir='ltr'>nec</span> <span class='ocrx_word' id='word_1_175' title='bbox 1206 994 1246 1024; x_wconf 86' lang='lat' dir='ltr'>de</span> <span class='ocrx_word' id='word_1_176' title='bbox 1271 993 1356 1025; x_wconf 85' lang='lat' dir='ltr'>dicto</span> <span class='ocrx_word' id='word_1_177' title='bbox 1381 994 1513 1025; x_wconf 86' lang='lat' dir='ltr'>concilio</span> <span class='ocrx_word' id='word_1_178' title='bbox 1539 996 1718 1025; x_wconf 81' lang='lat' dir='ltr'>excusatio-</span> 
     </span>
     <span class='ocr_line' id='line_1_24' title="bbox 65 1045 1719 1087; baseline 0.001 -11"><span class='ocrx_word' id='word_1_179' title='bbox 65 1056 137 1077; x_wconf 92' lang='lat' dir='ltr'>nem</span> <span class='ocrx_word' id='word_1_180' title='bbox 167 1045 354 1086; x_wconf 88' lang='lat' dir='ltr'>pretendas.</span> <span class='ocrx_word' id='word_1_181' title='bbox 391 1056 462 1076; x_wconf 89' lang='lat' dir='ltr'>cum</span> <span class='ocrx_word' id='word_1_182' title='bbox 491 1049 562 1086; x_wconf 84' lang='lat' dir='ltr'>post</span> <span class='ocrx_word' id='word_1_183' title='bbox 593 1045 770 1086; x_wconf 83' lang='lat' dir='ltr'>predictam</span> <span class='ocrx_word' id='word_1_184' title='bbox 806 1046 1045 1076; x_wconf 83' lang='lat' dir='ltr'>coronationem</span> <span class='ocrx_word' id='word_1_185' title='bbox 1076 1050 1215 1076; x_wconf 74' lang='lat' dir='ltr'>nostram</span> <span class='ocrx_word' id='word_1_186' title='bbox 1247 1049 1370 1076; x_wconf 86' lang='lat' dir='ltr'>tantum</span> <span class='ocrx_word' id='word_1_187' title='bbox 1406 1045 1463 1076; x_wconf 83' lang='lat' dir='ltr'>tibi</span> <span class='ocrx_word' id='word_1_188' title='bbox 1499 1046 1538 1076; x_wconf 81' lang='lat' dir='ltr'>de</span> <span class='ocrx_word' id='word_1_189' title='bbox 1574 1051 1719 1087; x_wconf 87' lang='lat' dir='ltr'>tempore</span> 
     </span>
     <span class='ocr_line' id='line_1_25' title="bbox 65 1096 1719 1139; baseline 0 -11"><span class='ocrx_word' id='word_1_190' title='bbox 65 1098 212 1139; x_wconf 80' lang='lat' dir='ltr'>supersit,</span> <span class='ocrx_word' id='word_1_191' title='bbox 238 1097 323 1138; x_wconf 90' lang='lat' dir='ltr'>quod</span> <span class='ocrx_word' id='word_1_192' title='bbox 347 1097 389 1128; x_wconf 84' lang='lat' dir='ltr'>ad</span> <span class='ocrx_word' id='word_1_193' title='bbox 412 1098 517 1138; x_wconf 88' lang='lat' dir='ltr'>ipsum</span> <span class='ocrx_word' id='word_1_194' title='bbox 542 1097 662 1138; x_wconf 82' lang='lat' dir='ltr'>poteris</span> <span class='ocrx_word' id='word_1_195' title='bbox 687 1096 821 1128; x_wconf 87' lang='lat' dir='ltr'>comode</span> <span class='ocrx_word' id='word_1_196' title='bbox 847 1102 877 1127; x_wconf 88' lang='lat' dir='ltr'>te</span> <span class='ocrx_word' id='word_1_197' title='bbox 902 1096 1085 1128; x_wconf 82' lang='lat' dir='ltr'>transferre.</span> <span class='ocrx_word' id='word_1_198' title='bbox 1133 1097 1182 1128; x_wconf 94' lang='lat' dir='ltr'>De</span> <span class='ocrx_word' id='word_1_199' title='bbox 1201 1098 1388 1128; x_wconf 77' lang='lat' dir='ltr'>vocatione³</span> <span class='ocrx_word' id='word_1_200' title='bbox 1412 1106 1519 1128; x_wconf 80' lang='lat' dir='ltr'>autem</span> <span class='ocrx_word' id='word_1_201' title='bbox 1537 1098 1719 1129; x_wconf 78' lang='lat' dir='ltr'>huiusmodi</span> 
     </span>
     <span class='ocr_line' id='line_1_26' title="bbox 66 1148 1718 1191; baseline -0.001 -11"><span class='ocrx_word' id='word_1_202' title='bbox 66 1154 98 1181; x_wconf 89' lang='lat' dir='ltr'>et</span> <span class='ocrx_word' id='word_1_203' title='bbox 118 1150 260 1190; x_wconf 88' lang='lat' dir='ltr'>ipsarum</span> <span class='ocrx_word' id='word_1_204' title='bbox 284 1149 463 1180; x_wconf 84' lang='lat' dir='ltr'>litterarum</span> <span class='ocrx_word' id='word_1_205' title='bbox 488 1150 738 1190; x_wconf 83' lang='lat' dir='ltr'>presentatione.</span> <span class='ocrx_word' id='word_1_206' title='bbox 764 1160 843 1190; x_wconf 86' lang='lat' dir='ltr'>quas</span> <span class='ocrx_word' id='word_1_207' title='bbox 867 1148 907 1180; x_wconf 81' lang='lat' dir='ltr'>(le</span> <span class='ocrx_word' id='word_1_208' title='bbox 932 1148 1030 1179; x_wconf 75' lang='lat' dir='ltr'>verbo</span> <span class='ocrx_word' id='word_1_209' title='bbox 1055 1149 1095 1180; x_wconf 85' lang='lat' dir='ltr'>ad</span> <span class='ocrx_word' id='word_1_210' title='bbox 1114 1149 1246 1180; x_wconf 80' lang='lat' dir='ltr'>verbum</span> <span class='ocrx_word' id='word_1_211' title='bbox 1272 1150 1301 1179; x_wconf 94' lang='lat' dir='ltr'>in</span> <span class='ocrx_word' id='word_1_212' title='bbox 1327 1152 1434 1179; x_wconf 79' lang='lat' dir='ltr'>nostro</span> <span class='ocrx_word' id='word_1_213' title='bbox 1460 1150 1560 1190; x_wconf 75' lang='lat' dir='ltr'>regali</span> <span class='ocrx_word' id='word_1_214' title='bbox 1585 1151 1718 1191; x_wconf 72' lang='lat' dir='ltr'>registro</span> 
     </span>
     <span class='ocr_line' id='line_1_27' title="bbox 65 1201 1719 1243; baseline 0 -11"><span class='ocrx_word' id='word_1_215' title='bbox 65 1201 229 1243; x_wconf 86' lang='lat' dir='ltr'>registrari</span> <span class='ocrx_word' id='word_1_216' title='bbox 251 1201 386 1232; x_wconf 84' lang='lat' dir='ltr'>fecimus</span> <span class='ocrx_word' id='word_1_217' title='bbox 410 1201 452 1232; x_wconf 91' lang='lat' dir='ltr'>ad</span> <span class='ocrx_word' id='word_1_218' title='bbox 476 1201 650 1232; x_wconf 85' lang='lat' dir='ltr'>cautelam.</span> <span class='ocrx_word' id='word_1_219' title='bbox 679 1201 773 1232; x_wconf 86' lang='lat' dir='ltr'>latori</span> <span class='ocrx_word' id='word_1_220' title='bbox 798 1202 994 1242; x_wconf 80' lang='lat' dir='ltr'>presentium</span> <span class='ocrx_word' id='word_1_221' title='bbox 1019 1206 1125 1232; x_wconf 86' lang='lat' dir='ltr'>nostro</span> <span class='ocrx_word' id='word_1_222' title='bbox 1151 1202 1265 1232; x_wconf 85' lang='lat' dir='ltr'>nuncio</span> <span class='ocrx_word' id='word_1_223' title='bbox 1291 1201 1418 1242; x_wconf 89' lang='lat' dir='ltr'>publico</span> <span class='ocrx_word' id='word_1_224' title='bbox 1445 1205 1476 1233; x_wconf 89' lang='lat' dir='ltr'>et</span> <span class='ocrx_word' id='word_1_225' title='bbox 1500 1203 1602 1232; x_wconf 81' lang='lat' dir='ltr'>iurato</span> <span class='ocrx_word' id='word_1_226' title='bbox 1628 1201 1719 1233; x_wconf 80' lang='lat' dir='ltr'>&lt;labi-</span> 
     </span>
     <span class='ocr_line' id='line_1_28' title="bbox 64 1253 418 1294; baseline 0.003 -11"><span class='ocrx_word' id='word_1_227' title='bbox 64 1263 135 1284; x_wconf 90' lang='lat' dir='ltr'>mus</span> <span class='ocrx_word' id='word_1_228' title='bbox 158 1253 289 1294; x_wconf 88' lang='lat' dir='ltr'>plenam</span> <span class='ocrx_word' id='word_1_229' title='bbox 311 1253 418 1284; x_wconf 87' lang='lat' dir='ltr'>fidem.</span> 
     </span>
    </p>

    <p class='ocr_par' dir='ltr' id='par_1_12' title="bbox 170 1305 330 1337">
     <span class='ocr_line' id='line_1_29' title="bbox 170 1305 330 1337; baseline 0 -1"><span class='ocrx_word' id='word_1_230' title='bbox 170 1305 245 1336; x_wconf 81' lang='lat' dir='ltr'>Dat.</span> <span class='ocrx_word' id='word_1_231' title='bbox 271 1309 330 1337; x_wconf 86' lang='lat' dir='ltr'>etc.</span> 
     </span>
    </p>
   </div>
   <div class='ocr_carea' id='block_1_11' title="bbox 150 1442 1631 1483">
    <p class='ocr_par' dir='ltr' id='par_1_13' title="bbox 150 1442 1631 1483">
     <span class='ocr_line' id='line_1_30' title="bbox 150 1442 1631 1483; baseline -0.001 -8"><span class='ocrx_word' id='word_1_232' title='bbox 150 1443 228 1475; x_wconf 82' lang='lat'>608.</span> <span class='ocrx_word' id='word_1_233' title='bbox 252 1443 480 1475; x_wconf 67' lang='lat' dir='ltr'><em>EPISTOLA</em></span> <span class='ocrx_word' id='word_1_234' title='bbox 506 1443 572 1475; x_wconf 83' lang='lat' dir='ltr'>AD</span> <span class='ocrx_word' id='word_1_235' title='bbox 596 1442 871 1475; x_wconf 65' lang='lat' dir='ltr'><em>EPJSCOPCM</em></span> <span class='ocrx_word' id='word_1_236' title='bbox 889 1442 1315 1475; x_wconf 62' lang='lat' dir='ltr'><strong><em>ARGENTJNENSEJL</em></strong></span> <span class='ocrx_word' id='word_1_237' title='bbox 1361 1445 1444 1483; x_wconf 75' lang='lat' dir='ltr'>(post</span> <span class='ocrx_word' id='word_1_238' title='bbox 1467 1444 1547 1482; x_wconf 70' lang='lat' dir='ltr'>Apr.</span> <span class='ocrx_word' id='word_1_239' title='bbox 1568 1444 1631 1480; x_wconf 64' lang='lat'>19).</span> 
     </span>
    </p>
   </div>
   <div class='ocr_carea' id='block_1_12' title="bbox 65 1503 1720 1598">
    <p class='ocr_par' dir='ltr' id='par_1_14' title="bbox 65 1503 1720 1598">
     <span class='ocr_line' id='line_1_31' title="bbox 174 1503 1720 1543; baseline -0.001 -8"><span class='ocrx_word' id='word_1_240' title='bbox 174 1504 226 1535; x_wconf 60' lang='lat' dir='ltr'>Ea·</span> <span class='ocrx_word' id='word_1_241' title='bbox 247 1505 348 1536; x_wconf 78' lang='lat' dir='ltr'>eodem</span> <span class='ocrx_word' id='word_1_242' title='bbox 372 1505 472 1536; x_wconf 79' lang='lat' dir='ltr'>codice</span> <span class='ocrx_word' id='word_1_243' title='bbox 496 1504 548 1542; x_wconf 80' lang='lat' dir='ltr'>fol.</span> <span class='ocrx_word' id='word_1_244' title='bbox 568 1507 586 1534; x_wconf 81' lang='lat'><strong><em>7</em></strong></span> <span class='ocrx_word' id='word_1_245' title='bbox 608 1515 657 1535; x_wconf 76' lang='lat' dir='ltr'>nr.</span> <span class='ocrx_word' id='word_1_246' title='bbox 675 1504 966 1543; x_wconf 67' lang='lat' dir='ltr'>46descri1232&#39;mus.</span> <span class='ocrx_word' id='word_1_247' title='bbox 1006 1503 1150 1535; x_wconf 72' lang='lat' dir='ltr'>Rubrum</span> <span class='ocrx_word' id='word_1_248' title='bbox 1177 1507 1236 1534; x_wconf 75' lang='lat' dir='ltr'>est:</span> <span class='ocrx_word' id='word_1_249' title='bbox 1260 1504 1342 1535; x_wconf 90' lang='lat' dir='ltr'>Item</span> <span class='ocrx_word' id='word_1_250' title='bbox 1369 1503 1408 1535; x_wconf 88' lang='lat' dir='ltr'>de</span> <span class='ocrx_word' id='word_1_251' title='bbox 1434 1503 1559 1535; x_wconf 88' lang='lat' dir='ltr'>eodem.</span> <span class='ocrx_word' id='word_1_252' title='bbox 1606 1503 1720 1534; x_wconf 69' lang='lat' dir='ltr'>Edidit</span> 
     </span>
     <span class='ocr_line' id='line_1_32' title="bbox 65 1556 1529 1598; baseline -0.001 -10"><span class='ocrx_word' id='word_1_253' title='bbox 65 1557 157 1589; x_wconf 81' lang='lat' dir='ltr'>etiam</span> <span class='ocrx_word' id='word_1_254' title='bbox 182 1557 421 1589; x_wconf 67' lang='lat' dir='ltr'>Rosenkranzer</span> <span class='ocrx_word' id='word_1_255' title='bbox 444 1557 594 1598; x_wconf 69' lang='lat' dir='ltr'>‘Bisclzof</span> <span class='ocrx_word' id='word_1_256' title='bbox 612 1557 740 1588; x_wconf 65' lang='lat' dir='ltr'>Joleann</span> <span class='ocrx_word' id='word_1_257' title='bbox 766 1556 794 1588; x_wconf 90' lang='lat' dir='ltr'>I.</span> <span class='ocrx_word' id='word_1_258' title='bbox 820 1567 876 1587; x_wconf 67' lang='lat' dir='ltr'>ron</span> <span class='ocrx_word' id='word_1_259' title='bbox 901 1556 1096 1596; x_wconf 70' lang='lat' dir='ltr'>Strasslncry&#39;</span> <span class='ocrx_word' id='word_1_260' title='bbox 1122 1557 1236 1595; x_wconf 51' lang='lat'><em>(1551)</em></span> <span class='ocrx_word' id='word_1_261' title='bbox 1258 1567 1329 1596; x_wconf 74' lang='lat' dir='ltr'>pay.</span> <span class='ocrx_word' id='word_1_262' title='bbox 1349 1557 1410 1586; x_wconf 70' lang='lat'>105&lt;</span> <span class='ocrx_word' id='word_1_263' title='bbox 1434 1567 1482 1586; x_wconf 78' lang='grc' dir='ltr'>ην.</span> <span class='ocrx_word' id='word_1_264' title='bbox 1502 1558 1529 1586; x_wconf 74' lang='lat' dir='ltr'>(J.</span> 
     </span>
    </p>
   </div>
   <div class='ocr_carea' id='block_1_13' title="bbox 171 1607 1611 1693">
    <p class='ocr_par' dir='ltr' id='par_1_15' title="bbox 171 1607 1611 1693">
     <span class='ocr_line' id='line_1_33' title="bbox 1443 1607 1595 1638; baseline 0 0"><span class='ocrx_word' id='word_1_265' title='bbox 1443 1607 1480 1638; x_wconf 90' lang='lat' dir='ltr'>P.</span> <span class='ocrx_word' id='word_1_266' title='bbox 1505 1607 1595 1638; x_wconf 68' lang='lat' dir='ltr'>deest.</span> 
     </span>
     <span class='ocr_line' id='line_1_34' title="bbox 171 1608 1611 1693; baseline -0.001 -10"><span class='ocrx_word' id='word_1_267' title='bbox 171 1652 343 1684; x_wconf 84' lang='lat' dir='ltr'>Heinricus</span> <span class='ocrx_word' id='word_1_268' title='bbox 366 1655 401 1683; x_wconf 84' lang='lat' dir='ltr'>ut</span> <span class='ocrx_word' id='word_1_269' title='bbox 423 1662 518 1693; x_wconf 87' lang='lat' dir='ltr'>supra</span> <span class='ocrx_word' id='word_1_270' title='bbox 586 1651 764 1682; x_wconf 76' lang='lat' dir='ltr'>venerabili</span> <span class='ocrx_word' id='word_1_271' title='bbox 787 1652 922 1682; x_wconf 89' lang='lat' dir='ltr'>Iohanni</span> <span class='ocrx_word' id='word_1_272' title='bbox 947 1655 1006 1682; x_wconf 84' lang='lat' dir='ltr'>etc.</span> <span class='ocrx_word' id='word_1_273' title='bbox 1426 1608 1444 1645; x_wconf 72' lang='lat'><em>(</em></span> <span class='ocrx_word' id='word_1_274' title='bbox 1602 1616 1611 1641; x_wconf 39' lang='grc' dir='ltr'><em>β</em></span> 
     </span>
    </p>
   </div>
   <div class='ocr_carea' id='block_1_14' title="bbox 65 1702 1719 2513">
    <p class='ocr_par' dir='ltr' id='par_1_16' title="bbox 65 1702 1719 2462">
     <span class='ocr_line' id='line_1_35' title="bbox 173 1702 1719 1746; baseline -0.001 -11"><span class='ocrx_word' id='word_1_275' title='bbox 173 1705 255 1741; x_wconf 86' lang='lat' dir='ltr'>Quia</span> <span class='ocrx_word' id='word_1_276' title='bbox 281 1708 313 1736; x_wconf 87' lang='lat' dir='ltr'>et</span> <span class='ocrx_word' id='word_1_277' title='bbox 337 1705 415 1735; x_wconf 86' lang='lat' dir='ltr'>certi</span> <span class='ocrx_word' id='word_1_278' title='bbox 439 1715 561 1738; x_wconf 85' lang='lat' dir='ltr'>sumus.</span> <span class='ocrx_word' id='word_1_279' title='bbox 587 1704 673 1746; x_wconf 87' lang='lat' dir='ltr'>quod</span> <span class='ocrx_word' id='word_1_280' title='bbox 696 1705 727 1735; x_wconf 93' lang='lat' dir='ltr'>in</span> <span class='ocrx_word' id='word_1_281' title='bbox 752 1709 804 1735; x_wconf 88' lang='lat' dir='ltr'>tue</span> <span class='ocrx_word' id='word_1_282' title='bbox 830 1704 1054 1735; x_wconf 83' lang='lat' dir='ltr'>delectationis</span> <span class='ocrx_word' id='word_1_283' title='bbox 1079 1703 1165 1734; x_wconf 81' lang='lat' dir='ltr'>cedit</span> <span class='ocrx_word' id='word_1_284' title='bbox 1189 1711 1406 1744; x_wconf 86' lang='lat' dir='ltr'>augmentum.</span> <span class='ocrx_word' id='word_1_285' title='bbox 1433 1702 1507 1732; x_wconf 89' lang='lat' dir='ltr'>dum</span> <span class='ocrx_word' id='word_1_286' title='bbox 1533 1702 1587 1733; x_wconf 91' lang='lat' dir='ltr'>tibi</span> <span class='ocrx_word' id='word_1_287' title='bbox 1612 1709 1719 1733; x_wconf 84' lang='lat' dir='ltr'>nostre</span> 
     </span>
     <span class='ocr_line' id='line_1_36' title="bbox 65 1753 1719 1798; baseline -0.002 -11"><span class='ocrx_word' id='word_1_288' title='bbox 65 1756 227 1788; x_wconf 83' lang='lat' dir='ltr'>felicitatis</span> <span class='ocrx_word' id='word_1_289' title='bbox 251 1767 423 1798; x_wconf 86' lang='lat' dir='ltr'>prosperos</span> <span class='ocrx_word' id='word_1_290' title='bbox 446 1757 633 1787; x_wconf 81' lang='lat' dir='ltr'>nunciamus</span> <span class='ocrx_word' id='word_1_291' title='bbox 657 1760 805 1789; x_wconf 75' lang='lat' dir='ltr'>eventus.</span> <span class='ocrx_word' id='word_1_292' title='bbox 838 1766 913 1787; x_wconf 85' lang='lat' dir='ltr'>ecce</span> <span class='ocrx_word' id='word_1_293' title='bbox 938 1756 1154 1797; x_wconf 77' lang='lat' dir='ltr'>significamus</span> <span class='ocrx_word' id='word_1_294' title='bbox 1179 1755 1235 1786; x_wconf 90' lang='lat' dir='ltr'>tibi</span> <span class='ocrx_word' id='word_1_295' title='bbox 1261 1755 1301 1785; x_wconf 87' lang='lat' dir='ltr'>ad</span> <span class='ocrx_word' id='word_1_296' title='bbox 1326 1754 1494 1795; x_wconf 78' lang='lat' dir='ltr'>gaudium,</span> <span class='ocrx_word' id='word_1_297' title='bbox 1520 1753 1605 1795; x_wconf 87' lang='lat' dir='ltr'>quod</span> <span class='ocrx_word' id='word_1_298' title='bbox 1629 1764 1719 1785; x_wconf 87' lang='lat' dir='ltr'>sanc-</span> 
     </span>
     <span class='ocr_line' id='line_1_37' title="bbox 65 1807 1719 1849; baseline -0.002 -10"><span class='ocrx_word' id='word_1_299' title='bbox 65 1809 204 1839; x_wconf 86' lang='lat' dir='ltr'>tissimus</span> <span class='ocrx_word' id='word_1_300' title='bbox 227 1809 258 1839; x_wconf 92' lang='lat' dir='ltr'>in</span> <span class='ocrx_word' id='word_1_301' title='bbox 276 1807 403 1839; x_wconf 87' lang='lat' dir='ltr'>Christo</span> <span class='ocrx_word' id='word_1_302' title='bbox 426 1812 520 1849; x_wconf 89' lang='lat' dir='ltr'>pater</span> <span class='ocrx_word' id='word_1_303' title='bbox 545 1808 692 1839; x_wconf 89' lang='lat' dir='ltr'>dominus</span> <span class='ocrx_word' id='word_1_304' title='bbox 716 1819 858 1839; x_wconf 88' lang='lat' dir='ltr'>summus</span> <span class='ocrx_word' id='word_1_305' title='bbox 882 1808 1027 1849; x_wconf 76' lang='lat' dir='ltr'>pontifex</span> <span class='ocrx_word' id='word_1_306' title='bbox 1052 1807 1094 1838; x_wconf 90' lang='lat' dir='ltr'>ad</span> <span class='ocrx_word' id='word_1_307' title='bbox 1117 1807 1363 1848; x_wconf 88' lang='lat' dir='ltr'>suplicationem</span> <span class='ocrx_word' id='word_1_308' title='bbox 1387 1812 1527 1837; x_wconf 88' lang='lat' dir='ltr'>nostram</span> <span class='ocrx_word' id='word_1_309' title='bbox 1550 1807 1719 1836; x_wconf 87' lang='lat' dir='ltr'>terminum</span> 
     </span>
     <span class='ocr_line' id='line_1_38' title="bbox 66 1857 1717 1901; baseline -0.002 -10"><span class='ocrx_word' id='word_1_310' title='bbox 66 1861 279 1891; x_wconf 83' lang='lat' dir='ltr'>coronationis</span> <span class='ocrx_word' id='word_1_311' title='bbox 303 1864 409 1891; x_wconf 81' lang='lat' dir='ltr'>nostre</span> <span class='ocrx_word' id='word_1_312' title='bbox 440 1861 519 1892; x_wconf 85' lang='lat' dir='ltr'>alias</span> <span class='ocrx_word' id='word_1_313' title='bbox 549 1860 708 1901; x_wconf 82' lang='lat' dir='ltr'>prefixum</span> <span class='ocrx_word' id='word_1_314' title='bbox 732 1860 911 1893; x_wconf 75' lang='lat' dir='ltr'>abrevians.</span> <span class='ocrx_word' id='word_1_315' title='bbox 945 1860 1036 1890; x_wconf 89' lang='lat' dir='ltr'>nobis</span> <span class='ocrx_word' id='word_1_316' title='bbox 1065 1860 1182 1890; x_wconf 85' lang='lat' dir='ltr'>festum</span> <span class='ocrx_word' id='word_1_317' title='bbox 1213 1859 1438 1899; x_wconf 85' lang='lat' dir='ltr'>assumptionis</span> <span class='ocrx_word' id='word_1_318' title='bbox 1462 1858 1558 1889; x_wconf 88' lang='lat' dir='ltr'>beate</span> <span class='ocrx_word' id='word_1_319' title='bbox 1577 1857 1717 1899; x_wconf 72' lang='lat' dir='ltr'>Virginis</span> 
     </span>
     <span class='ocr_line' id='line_1_39' title="bbox 65 1909 1719 1954; baseline -0.002 -11"><span class='ocrx_word' id='word_1_320' title='bbox 65 1912 246 1953; x_wconf 80' lang='lat' dir='ltr'>proximum</span> <span class='ocrx_word' id='word_1_321' title='bbox 275 1912 316 1943; x_wconf 89' lang='lat' dir='ltr'>ad</span> <span class='ocrx_word' id='word_1_322' title='bbox 344 1912 565 1954; x_wconf 84' lang='lat' dir='ltr'>recipiendum</span> <span class='ocrx_word' id='word_1_323' title='bbox 593 1912 761 1953; x_wconf 88' lang='lat' dir='ltr'>imperiale</span> <span class='ocrx_word' id='word_1_324' title='bbox 787 1911 946 1953; x_wconf 74' lang='lat' dir='ltr'>dyadema</span> <span class='ocrx_word' id='word_1_325' title='bbox 975 1912 1006 1942; x_wconf 92' lang='lat' dir='ltr'>in</span> <span class='ocrx_word' id='word_1_326' title='bbox 1036 1911 1113 1942; x_wconf 88' lang='lat' dir='ltr'>urbe</span> <span class='ocrx_word' id='word_1_327' title='bbox 1138 1911 1284 1941; x_wconf 86' lang='lat' dir='ltr'>Romana</span> <span class='ocrx_word' id='word_1_328' title='bbox 1309 1920 1366 1951; x_wconf 89' lang='lat' dir='ltr'>per</span> <span class='ocrx_word' id='word_1_329' title='bbox 1394 1909 1588 1941; x_wconf 84' lang='lat' dir='ltr'>reverendos</span> <span class='ocrx_word' id='word_1_330' title='bbox 1612 1917 1719 1950; x_wconf 85' lang='lat' dir='ltr'>patres</span> 
     </span>
     <span class='ocr_line' id='line_1_40' title="bbox 66 1961 1719 2006; baseline -0.002 -12"><span class='ocrx_word' id='word_1_331' title='bbox 66 1963 211 1995; x_wconf 88' lang='lat' dir='ltr'>dominos</span> <span class='ocrx_word' id='word_1_332' title='bbox 235 1964 427 2002; x_wconf 75' lang='lat' dir='ltr'>cardinales.</span> <span class='ocrx_word' id='word_1_333' title='bbox 457 1969 556 2006; x_wconf 79' lang='lat' dir='ltr'>quos³</span> <span class='ocrx_word' id='word_1_334' title='bbox 580 1964 621 1995; x_wconf 89' lang='lat' dir='ltr'>ad</span> <span class='ocrx_word' id='word_1_335' title='bbox 645 1964 704 1995; x_wconf 90' lang='lat' dir='ltr'>hoc</span> <span class='ocrx_word' id='word_1_336' title='bbox 734 1965 855 2004; x_wconf 73' lang='lat' dir='ltr'>mittet.</span> <span class='ocrx_word' id='word_1_337' title='bbox 887 1974 958 1994; x_wconf 89' lang='lat' dir='ltr'>cum</span> <span class='ocrx_word' id='word_1_338' title='bbox 990 1964 1057 2004; x_wconf 87' lang='lat' dir='ltr'>ipse</span> <span class='ocrx_word' id='word_1_339' title='bbox 1083 1967 1215 2004; x_wconf 87' lang='lat' dir='ltr'>propter</span> <span class='ocrx_word' id='word_1_340' title='bbox 1243 1962 1412 1993; x_wconf 84' lang='lat' dir='ltr'>concilium</span> <span class='ocrx_word' id='word_1_341' title='bbox 1436 1961 1603 2003; x_wconf 86' lang='lat' dir='ltr'>generale.</span> <span class='ocrx_word' id='word_1_342' title='bbox 1635 1961 1719 2002; x_wconf 89' lang='lat' dir='ltr'>quod</span> 
     </span>
     <span class='ocr_line' id='line_1_41' title="bbox 65 2014 1718 2058; baseline -0.002 -11"><span class='ocrx_word' id='word_1_343' title='bbox 65 2019 138 2047; x_wconf 87' lang='lat' dir='ltr'>tunc</span> <span class='ocrx_word' id='word_1_344' title='bbox 161 2017 309 2057; x_wconf 78' lang='lat' dir='ltr'>proxime</span> <span class='ocrx_word' id='word_1_345' title='bbox 338 2027 396 2058; x_wconf 90' lang='lat' dir='ltr'>per</span> <span class='ocrx_word' id='word_1_346' title='bbox 424 2017 530 2058; x_wconf 88' lang='lat' dir='ltr'>ipsum</span> <span class='ocrx_word' id='word_1_347' title='bbox 558 2016 644 2057; x_wconf 87' lang='lat' dir='ltr'>apud</span> <span class='ocrx_word' id='word_1_348' title='bbox 668 2016 827 2047; x_wconf 70' lang='lat' dir='ltr'>Viennam</span> <span class='ocrx_word' id='word_1_349' title='bbox 857 2015 1013 2047; x_wconf 86' lang='lat' dir='ltr'>celebrari</span> <span class='ocrx_word' id='word_1_350' title='bbox 1038 2019 1202 2056; x_wconf 78' lang='lat' dir='ltr'>opportet.</span> <span class='ocrx_word' id='word_1_351' title='bbox 1233 2014 1445 2056; x_wconf 85' lang='lat' dir='ltr'>personaliter</span> <span class='ocrx_word' id='word_1_352' title='bbox 1472 2014 1627 2044; x_wconf 70' lang='lat' dir='ltr'>interesse</span> <span class='ocrx_word' id='word_1_353' title='bbox 1657 2023 1718 2043; x_wconf 88' lang='lat' dir='ltr'>non</span> 
     </span>
     <span class='ocr_line' id='line_1_42' title="bbox 66 2065 1719 2109; baseline -0.002 -10"><span class='ocrx_word' id='word_1_354' title='bbox 66 2068 179 2108; x_wconf 75' lang='lat' dir='ltr'>possit,</span> <span class='ocrx_word' id='word_1_355' title='bbox 208 2079 266 2109; x_wconf 89' lang='lat' dir='ltr'>per</span> <span class='ocrx_word' id='word_1_356' title='bbox 295 2068 490 2109; x_wconf 87' lang='lat' dir='ltr'>sollempnes</span> <span class='ocrx_word' id='word_1_357' title='bbox 519 2079 593 2099; x_wconf 91' lang='lat' dir='ltr'>suos</span> <span class='ocrx_word' id='word_1_358' title='bbox 621 2068 754 2098; x_wconf 88' lang='lat' dir='ltr'>nuncios</span> <span class='ocrx_word' id='word_1_359' title='bbox 784 2072 816 2098; x_wconf 86' lang='lat' dir='ltr'>et</span> <span class='ocrx_word' id='word_1_360' title='bbox 838 2067 964 2098; x_wconf 82' lang='lat' dir='ltr'>litteras</span> <span class='ocrx_word' id='word_1_361' title='bbox 994 2067 1054 2098; x_wconf 86' lang='lat' dir='ltr'>hiis</span> <span class='ocrx_word' id='word_1_362' title='bbox 1085 2067 1198 2097; x_wconf 87' lang='lat' dir='ltr'>diebus</span> <span class='ocrx_word' id='word_1_363' title='bbox 1225 2066 1311 2107; x_wconf 82' lang='lat' dir='ltr'>apud</span> <span class='ocrx_word' id='word_1_364' title='bbox 1335 2065 1563 2107; x_wconf 72' lang='lat' dir='ltr'>Medyolanum</span> <span class='ocrx_word' id='word_1_365' title='bbox 1593 2065 1719 2106; x_wconf 85' lang='lat' dir='ltr'>publice</span> 
     </span>
     <span class='ocr_line' id='line_1_43' title="bbox 67 2117 1718 2162; baseline -0.002 -12"><span class='ocrx_word' id='word_1_366' title='bbox 67 2123 195 2151; x_wconf 74' lang='lat' dir='ltr'>caterva</span> <span class='ocrx_word' id='word_1_367' title='bbox 219 2121 412 2162; x_wconf 68' lang='lat' dir='ltr'>principum,</span> <span class='ocrx_word' id='word_1_368' title='bbox 446 2120 602 2151; x_wconf 83' lang='lat' dir='ltr'>baronum</span> <span class='ocrx_word' id='word_1_369' title='bbox 628 2123 660 2151; x_wconf 87' lang='lat' dir='ltr'>et</span> <span class='ocrx_word' id='word_1_370' title='bbox 682 2120 837 2151; x_wconf 92' lang='lat' dir='ltr'>nobilium</span> <span class='ocrx_word' id='word_1_371' title='bbox 863 2123 1013 2160; x_wconf 86' lang='lat' dir='ltr'>presente</span> <span class='ocrx_word' id='word_1_372' title='bbox 1038 2130 1095 2160; x_wconf 88' lang='lat' dir='ltr'>pro</span> <span class='ocrx_word' id='word_1_373' title='bbox 1120 2120 1271 2152; x_wconf 85' lang='lat' dir='ltr'>termino.</span> <span class='ocrx_word' id='word_1_374' title='bbox 1306 2128 1400 2159; x_wconf 89' lang='lat' dir='ltr'>quem</span> <span class='ocrx_word' id='word_1_375' title='bbox 1426 2118 1527 2148; x_wconf 86' lang='lat' dir='ltr'>eciam</span> <span class='ocrx_word' id='word_1_376' title='bbox 1554 2117 1718 2157; x_wconf 74' lang='lat' dir='ltr'>elegimus.</span> 
     </span>
     <span class='ocr_line' id='line_1_44' title="bbox 67 2168 1719 2213; baseline -0.003 -11"><span class='ocrx_word' id='word_1_377' title='bbox 67 2172 248 2213; x_wconf 73' lang='lat' dir='ltr'>assignavit.</span> <span class='ocrx_word' id='word_1_378' title='bbox 294 2172 347 2204; x_wconf 82' lang='lat' dir='ltr'>Ad</span> <span class='ocrx_word' id='word_1_379' title='bbox 364 2182 459 2213; x_wconf 91' lang='lat' dir='ltr'>quem</span> <span class='ocrx_word' id='word_1_380' title='bbox 476 2172 647 2203; x_wconf 88' lang='lat' dir='ltr'>terminum</span> <span class='ocrx_word' id='word_1_381' title='bbox 672 2176 704 2202; x_wconf 86' lang='lat' dir='ltr'>te</span> <span class='ocrx_word' id='word_1_382' title='bbox 729 2182 765 2202; x_wconf 88' lang='lat' dir='ltr'>ac</span> <span class='ocrx_word' id='word_1_383' title='bbox 790 2182 900 2202; x_wconf 87' lang='lat' dir='ltr'>omnes</span> <span class='ocrx_word' id='word_1_384' title='bbox 924 2171 1004 2202; x_wconf 86' lang='lat' dir='ltr'>alios</span> <span class='ocrx_word' id='word_1_385' title='bbox 1025 2171 1194 2211; x_wconf 68' lang='lat' dir='ltr'>principes</span> <span class='ocrx_word' id='word_1_386' title='bbox 1220 2171 1361 2201; x_wconf 83' lang='lat' dir='ltr'>comites.</span> <span class='ocrx_word' id='word_1_387' title='bbox 1386 2169 1511 2200; x_wconf 82' lang='lat' dir='ltr'>nobiles</span> <span class='ocrx_word' id='word_1_388' title='bbox 1535 2176 1566 2199; x_wconf 91' lang='lat' dir='ltr'>et</span> <span class='ocrx_word' id='word_1_389' title='bbox 1583 2168 1719 2198; x_wconf 69' lang='lat' dir='ltr'>vasallos</span> 
     </span>
     <span class='ocr_line' id='line_1_45' title="bbox 67 2220 1718 2264; baseline -0.002 -11"><span class='ocrx_word' id='word_1_390' title='bbox 67 2223 192 2264; x_wconf 84' lang='lat' dir='ltr'>imperii</span> <span class='ocrx_word' id='word_1_391' title='bbox 209 2227 275 2254; x_wconf 89' lang='lat' dir='ltr'>tam</span> <span class='ocrx_word' id='word_1_392' title='bbox 299 2223 339 2254; x_wconf 87' lang='lat' dir='ltr'>de</span> <span class='ocrx_word' id='word_1_393' title='bbox 356 2223 526 2255; x_wconf 86' lang='lat' dir='ltr'>Alemania</span> <span class='ocrx_word' id='word_1_394' title='bbox 545 2234 639 2264; x_wconf 90' lang='lat' dir='ltr'>quam</span> <span class='ocrx_word' id='word_1_395' title='bbox 665 2222 704 2254; x_wconf 88' lang='lat' dir='ltr'>de</span> <span class='ocrx_word' id='word_1_396' title='bbox 722 2223 815 2253; x_wconf 86' lang='lat' dir='ltr'>Italia</span> <span class='ocrx_word' id='word_1_397' title='bbox 840 2222 911 2253; x_wconf 86' lang='lat' dir='ltr'>aliis</span> <span class='ocrx_word' id='word_1_398' title='bbox 934 2223 1048 2253; x_wconf 89' lang='lat' dir='ltr'>nostris</span> <span class='ocrx_word' id='word_1_399' title='bbox 1072 2222 1205 2253; x_wconf 84' lang='lat' dir='ltr'>litteris¹</span> <span class='ocrx_word' id='word_1_400' title='bbox 1223 2222 1416 2252; x_wconf 75' lang='lat' dir='ltr'>vocavimus.</span> <span class='ocrx_word' id='word_1_401' title='bbox 1441 2226 1474 2252; x_wconf 87' lang='lat' dir='ltr'>ut</span> <span class='ocrx_word' id='word_1_402' title='bbox 1492 2228 1586 2261; x_wconf 82' lang='lat' dir='ltr'>prout</span> <span class='ocrx_word' id='word_1_403' title='bbox 1610 2230 1626 2250; x_wconf 82' lang='lat' dir='ltr'>a</span> <span class='ocrx_word' id='word_1_404' title='bbox 1652 2220 1718 2250; x_wconf 86' lang='lat' dir='ltr'>iure</span> 
     </span>
     <span class='ocr_line' id='line_1_46' title="bbox 68 2271 1718 2315; baseline -0.002 -10"><span class='ocrx_word' id='word_1_405' title='bbox 68 2278 228 2314; x_wconf 76' lang='lat' dir='ltr'>tenentur,</span> <span class='ocrx_word' id='word_1_406' title='bbox 258 2276 290 2306; x_wconf 92' lang='lat' dir='ltr'>in</span> <span class='ocrx_word' id='word_1_407' title='bbox 313 2276 495 2306; x_wconf 90' lang='lat' dir='ltr'>huiusmodi</span> <span class='ocrx_word' id='word_1_408' title='bbox 519 2276 725 2307; x_wconf 88' lang='lat' dir='ltr'>coronatione</span> <span class='ocrx_word' id='word_1_409' title='bbox 754 2280 861 2305; x_wconf 85' lang='lat' dir='ltr'>nostra</span> <span class='ocrx_word' id='word_1_410' title='bbox 886 2274 1046 2315; x_wconf 89' lang='lat' dir='ltr'>imperiali</span> <span class='ocrx_word' id='word_1_411' title='bbox 1074 2273 1165 2304; x_wconf 85' lang='lat' dir='ltr'>nobis</span> <span class='ocrx_word' id='word_1_412' title='bbox 1195 2274 1377 2304; x_wconf 81' lang='lat' dir='ltr'>comitivam</span> <span class='ocrx_word' id='word_1_413' title='bbox 1402 2273 1519 2304; x_wconf 81' lang='lat' dir='ltr'>faciant</span> <span class='ocrx_word' id='word_1_414' title='bbox 1551 2276 1583 2302; x_wconf 83' lang='lat' dir='ltr'>et</span> <span class='ocrx_word' id='word_1_415' title='bbox 1613 2271 1718 2301; x_wconf 83' lang='lat' dir='ltr'>cidem</span> 
     </span>
     <span class='ocr_line' id='line_1_47' title="bbox 68 2323 1718 2367; baseline -0.003 -9"><span class='ocrx_word' id='word_1_416' title='bbox 68 2326 220 2358; x_wconf 78' lang='lat' dir='ltr'>decenter</span> <span class='ocrx_word' id='word_1_417' title='bbox 243 2327 394 2358; x_wconf 89' lang='lat' dir='ltr'>studeant</span> <span class='ocrx_word' id='word_1_418' title='bbox 416 2328 582 2358; x_wconf 83' lang='lat' dir='ltr'>interesse.</span> <span class='ocrx_word' id='word_1_419' title='bbox 630 2327 699 2362; x_wconf 86' lang='lat' dir='ltr'>Que</span> <span class='ocrx_word' id='word_1_420' title='bbox 725 2327 831 2357; x_wconf 89' lang='lat' dir='ltr'>omnia</span> <span class='ocrx_word' id='word_1_421' title='bbox 847 2326 905 2357; x_wconf 83' lang='lat' dir='ltr'>tibi</span> <span class='ocrx_word' id='word_1_422' title='bbox 922 2326 1135 2367; x_wconf 79' lang='lat' dir='ltr'>significamus</span> <span class='ocrx_word' id='word_1_423' title='bbox 1160 2325 1201 2355; x_wconf 87' lang='lat' dir='ltr'>ad</span> <span class='ocrx_word' id='word_1_424' title='bbox 1218 2325 1381 2365; x_wconf 81' lang='lat' dir='ltr'>gaudium.</span> <span class='ocrx_word' id='word_1_425' title='bbox 1406 2332 1439 2355; x_wconf 92' lang='lat' dir='ltr'>ut</span> <span class='ocrx_word' id='word_1_426' title='bbox 1460 2325 1539 2354; x_wconf 80' lang='lat' dir='ltr'>sicut</span> <span class='ocrx_word' id='word_1_427' title='bbox 1563 2324 1593 2354; x_wconf 91' lang='lat' dir='ltr'>in</span> <span class='ocrx_word' id='word_1_428' title='bbox 1611 2323 1718 2353; x_wconf 76' lang='lat' dir='ltr'>huius-</span> 
     </span>
     <span class='ocr_line' id='line_1_48' title="bbox 67 2375 1718 2415; baseline -0.004 -5"><span class='ocrx_word' id='word_1_429' title='bbox 67 2378 153 2409; x_wconf 90' lang='lat' dir='ltr'>modi</span> <span class='ocrx_word' id='word_1_430' title='bbox 180 2384 360 2410; x_wconf 81' lang='lat' dir='ltr'>nostrorum</span> <span class='ocrx_word' id='word_1_431' title='bbox 389 2389 592 2410; x_wconf 83' lang='lat' dir='ltr'>successuum</span> <span class='ocrx_word' id='word_1_432' title='bbox 625 2384 655 2409; x_wconf 90' lang='lat' dir='ltr'>te</span> <span class='ocrx_word' id='word_1_433' title='bbox 685 2378 813 2409; x_wconf 78' lang='lat' dir='ltr'>avidum</span> <span class='ocrx_word' id='word_1_434' title='bbox 842 2378 910 2409; x_wconf 84' lang='lat' dir='ltr'>fore</span> <span class='ocrx_word' id='word_1_435' title='bbox 936 2377 1109 2411; x_wconf 79' lang='lat' dir='ltr'>credimus,</span> <span class='ocrx_word' id='word_1_436' title='bbox 1141 2377 1183 2407; x_wconf 79' lang='lat' dir='ltr'>sic</span> <span class='ocrx_word' id='word_1_437' title='bbox 1210 2382 1240 2407; x_wconf 80' lang='lat' dir='ltr'>te</span> <span class='ocrx_word' id='word_1_438' title='bbox 1266 2376 1409 2407; x_wconf 68' lang='lat' dir='ltr'>volumus</span> <span class='ocrx_word' id='word_1_439' title='bbox 1435 2386 1504 2407; x_wconf 71' lang='lat' dir='ltr'>esse</span> <span class='ocrx_word' id='word_1_440' title='bbox 1530 2375 1718 2415; x_wconf 82' lang='lat' dir='ltr'>participem</span> 
     </span>
     <span class='ocr_line' id='line_1_49' title="bbox 67 2430 263 2462; baseline 0.01 -2"><span class='ocrx_word' id='word_1_441' title='bbox 67 2430 263 2462; x_wconf 85' lang='lat' dir='ltr'>eorumdem.</span> 
     </span>
    </p>

    <p class='ocr_par' dir='ltr' id='par_1_17' title="bbox 172 2481 377 2513">
     <span class='ocr_line' id='line_1_50' title="bbox 172 2481 377 2513; baseline 0 0"><span class='ocrx_word' id='word_1_442' title='bbox 172 2481 294 2513; x_wconf 86' lang='lat' dir='ltr'>Datum</span> <span class='ocrx_word' id='word_1_443' title='bbox 319 2487 377 2513; x_wconf 89' lang='lat' dir='ltr'>etc.</span> 
     </span>
    </p>
   </div>
   <div class='ocr_carea' id='block_1_15' title="bbox 171 2566 651 2670">
    <p class='ocr_par' dir='ltr' id='par_1_18' title="bbox 171 2566 651 2670">
     <span class='ocr_line' id='line_1_51' title="bbox 171 2566 471 2600; baseline 0 -7"><span class='ocrx_word' id='word_1_444' title='bbox 171 2566 237 2593; x_wconf 77' lang='grc'>607.</span> <span class='ocrx_word' id='word_1_445' title='bbox 257 2570 279 2600; x_wconf 75' lang='lat'>³)</span> <span class='ocrx_word' id='word_1_446' title='bbox 300 2570 433 2594; x_wconf 73' lang='lat' dir='ltr'>vacatione</span> <span class='ocrx_word' id='word_1_447' title='bbox 452 2578 471 2593; x_wconf 86' lang='lat' dir='ltr'>c.</span> 
     </span>
     <span class='ocr_line' id='line_1_52' title="bbox 171 2635 651 2670; baseline -0.002 -8"><span class='ocrx_word' id='word_1_448' title='bbox 171 2635 237 2662; x_wconf 78' lang='grc'><strong>608.</strong></span> <span class='ocrx_word' id='word_1_449' title='bbox 257 2638 280 2668; x_wconf 75' lang='lat'>³)</span> <span class='ocrx_word' id='word_1_450' title='bbox 300 2638 412 2669; x_wconf 73' lang='lat' dir='ltr'>sequitur</span> <span class='ocrx_word' id='word_1_451' title='bbox 431 2639 484 2670; x_wconf 80' lang='lat' dir='ltr'>lpse</span> <span class='ocrx_word' id='word_1_452' title='bbox 504 2637 610 2662; x_wconf 76' lang='lat' dir='ltr'>deletum</span> <span class='ocrx_word' id='word_1_453' title='bbox 631 2646 651 2662; x_wconf 75' lang='lat' dir='ltr'>c.</span> 
     </span>
    </p>
   </div>
   <div class='ocr_carea' id='block_1_16' title="bbox 172 2704 436 2738">
    <p class='ocr_par' dir='ltr' id='par_1_19' title="bbox 172 2704 436 2738">
     <span class='ocr_line' id='line_1_53' title="bbox 172 2704 436 2738; baseline 0.004 -8"><span class='ocrx_word' id='word_1_454' title='bbox 172 2705 197 2736; x_wconf 88' lang='lat'>1)</span> <span class='ocrx_word' id='word_1_455' title='bbox 216 2704 305 2738; x_wconf 76' lang='lat' dir='ltr'>Supra</span> <span class='ocrx_word' id='word_1_456' title='bbox 326 2713 367 2732; x_wconf 80' lang='lat' dir='ltr'>nr.</span> <span class='ocrx_word' id='word_1_457' title='bbox 381 2709 436 2731; x_wconf 76' lang='grc' dir='ltr'>δοῖ.</span> 
     </span>
    </p>
   </div>
   <div class='ocr_carea' id='block_1_17' title="bbox 1481 2850 1507 2871">
    <p class='ocr_par' dir='ltr' id='par_1_20' title="bbox 1481 2850 1507 2871">
     <span class='ocr_line' id='line_1_54' title="bbox 1481 2850 1495 2871; textangle 90"><span class='ocrx_word' id='word_1_458' title='bbox 1481 2850 1495 2871; x_wconf 59' lang='grc' dir='ltr'>Ιέ</span> 
     </span>
     <span class='ocr_line' id='line_1_55' title="bbox 1500 2851 1507 2856; textangle 90"><span class='ocrx_word' id='word_1_459' title='bbox 1500 2851 1507 2856; x_wconf 61' lang='grc' dir='ltr'>ι</span> 
     </span>
    </p>
   </div>
   <div class='ocr_carea' id='block_1_18' title="bbox 1733 589 1834 611">
    <p class='ocr_par' dir='ltr' id='par_1_21' title="bbox 1733 589 1834 611">
     <span class='ocr_line' id='line_1_56' title="bbox 1733 589 1834 611; baseline -0.01 -4"><span class='ocrx_word' id='word_1_460' title='bbox 1733 589 1788 611; x_wconf 66' lang='lat' dir='ltr'>Aug.</span> <span class='ocrx_word' id='word_1_461' title='bbox 1805 591 1834 608; x_wconf 76' lang='lat'>15.</span> 
     </span>
    </p>
   </div>
   <div class='ocr_carea' id='block_1_19' title="bbox 1733 1865 1835 1886">
    <p class='ocr_par' dir='ltr' id='par_1_22' title="bbox 1733 1865 1835 1886">
     <span class='ocr_line' id='line_1_57' title="bbox 1733 1865 1835 1886; baseline 0.01 -3"><span class='ocrx_word' id='word_1_462' title='bbox 1733 1865 1787 1886; x_wconf 52' lang='lat' dir='ltr'>Aug.</span> <span class='ocrx_word' id='word_1_463' title='bbox 1805 1867 1835 1885; x_wconf 71' lang='lat'>15.</span> 
     </span>
    </p>
   </div>
  </div>
 </body>
</html>
