2044 3137
65 772 76 790 5

52 1077 76 1097 10

53 1337 76 1356 15

52 1594 77 1614 20

52 1850 75 1869 25

51 2109 75 2128 ³0

52 2373 75 2392 ³⁵

500 199 664 226 HEINRICI
688 201 745 227 VH.
766 202 1088 229 CONSTITUTIONES.
1129 205 1202 231 1:311.
1238 205 1285 231 Nr.
1300 206 1357 232 52⁶.
1688 212 1749 241 435

304 384 549 435 &Hi—5:51.
591 383 1105 441 REFORMATIO
1145 389 1540 445 CIVITATIS

713 462 1139 518 PAPIENSIS.

672 572 778 607 1311.
822 573 898 609 Ian.
921 574 1097 610 3.—Ian.
1125 576 1179 610 17.

505 687 582 719 526.
607 688 904 723 SYNDIGAH'S
931 691 1178 724 CII'ITATIS.
1226 694 1298 725 Ian.
1316 696 1344 724 ὁ.

203 756 385 796 Repetimns
419 757 597 795 eslz'lt'onem,
632 769 725 797 qnam
759 770 796 790 ea:
830 761 1024 800 autoyrapho
1064 761 1153 793 Pisis
1188 763 1220 793 in
1256 763 1412 795 tabulario
1442 764 1659 797 Rome-ionium>
1692 767 1749 798 sab

96 819 144 840 nr.
162 809 223 840 694
247 811 406 840 asservato
423 809 556 847 pararit
579 809 725 841 Bonaini
749 812 842 842 ‘Aeta
860 811 996 843 Heozrz'ci
1021 812 1107 844 VII:
1131 814 1157 847 I,
1178 814 1238 843 115
1262 825 1310 845 nr.
1328 816 1378 845 81.
1419 816 1458 846 ln
1483 827 1566 847 serso
1590 817 1751 857 lfyzmtur:

98 860 194 893 Carta
219 860 402 902 syndicatus
427 861 570 892 comunis
593 861 706 903 Papie.
1456 867 1509 901 (P.
1535 869 1641 907 deest.)

201 958 295 988 Anno
320 967 338 987 a
362 957 528 987 nativitate
552 956 684 987 Domini
708 957 877 988 millesimo
902 958 1119 989 tricentesimo
1151 960 1335 995 undecimo,
1367 961 1538 994 indictione
1568 974 1665 997 nona.
1698 965 1749 995 die

94 1009 262 1041 Dominico
291 1009 386 1039 tertio
415 1009 532 1039 mensis
561 1008 715 1044 Ianuarii,
746 1010 775 1039 in
807 1009 926 1050 palatio
956 1020 1038 1040 novo
1064 1012 1206 1042 comunis
1230 1012 1348 1053 Papie,
1381 1018 1575 1055 congregato
1601 1016 1749 1046 conscilio

94 1060 238 1102 generali
260 1060 348 1091 mille
373 1060 656 1091 credendariorum
680 1071 738 1092 seu
762 1061 969 1092 decurionum
994 1062 1131 1093 civitatis
1155 1063 1256 1104 Papie
1281 1064 1322 1094 ad
1346 1075 1458 1095 sonum
1483 1076 1636 1107 campane
1662 1078 1750 1098 more.

93 1113 187 1145 solito
212 1123 308 1144 causa
333 1112 461 1143 creandi
486 1112 666 1153 syndicum,
698 1113 860 1154 syndieos7
893 1117 1041 1144 auctores
1072 1118 1103 1145 et
1127 1119 1364 1155 procuratores,
1396 1118 1518 1148 ratione
1548 1122 1579 1149 et
1602 1120 1750 1150 oeasione

95 1165 301 1206 negociorum
319 1164 596 1205 expediendorum
621 1175 693 1195 cum
710 1165 818 1196 inclito
836 1166 979 1206 principe
997 1165 1126 1196 domino
1144 1166 1285 1198 Hem-ico
1303 1167 1409 1198 divina
1432 1169 1560 1200 favente
1582 1170 1751 1201 clementia

95 1227 172 1258 rege
195 1216 415 1248 Romanorum
441 1219 473 1247 et
497 1226 626 1257 semper
649 1220 802 1257 augusto5
826 1217 930 1257 ipsum
954 1218 1137 1249 conscilium
1163 1221 1264 1249 totum
1289 1229 1412 1250 necnon
1437 1231 1547 1251 omnes
1572 1226 1603 1253 et
1627 1222 1751 1262 synguli

95 1268 297 1300 credendarii
329 1269 359 1299 in
389 1267 473 1298 dicto
503 1268 653 1299 conscilio
683 1269 872 1303 existentes,
910 1269 941 1299 in
970 1270 1138 1310 presencia
1167 1270 1282 1301 nobilis
1312 1274 1343 1301 et
1376 1273 1516 1312 potentis
1548 1273 1605 1303 viri
1635 1261 1752 1304 domini

95 1320 281 1352 Pelavecini
304 1319 497 1351 marchionis
514 1319 554 1351 de
571 1320 774 1351 Pelavecinis
796 1321 965 1361 potestatis
982 1320 1084 1362 Papie
1109 1322 1280 1362 prestantis
1305 1326 1336 1353 et
1360 1323 1590 1364 interponentis
1614 1327 1752 1356 auctori-

93 1376 193 1403 tatem
215 1382 306 1403 suam
330 1372 452 1413 pariter
476 1374 508 1402 et
533 1371 698 1403 decretum
722 1382 819 1413 super
843 1371 989 1403 omnibus
1014 1376 1045 1403 et
1069 1374 1210 1414 syngulis
1234 1374 1457 1415 infrascriptis,
1492 1386 1601 1407 eorum
1626 1378 1752 1408 nomine

93 1427 126 1455 et
148 1424 277 1455 nomine
300 1424 516 1454 universitatis
548 1427 580 1454 et
604 1423 810 1464 syngulorum
835 1423 998 1454 hominum
1031 1424 1167 1455 civitatis
1194 1425 1257 1456 iarn
1283 1425 1381 1459 dicte.
1414 1427 1499 1457 omni
1529 1437 1566 1458 eo
1595 1428 1690 1459 modo
1722 1433 1754 1460 et

94 1476 210 1507 saniori
243 1479 275 1507 et
305 1475 511 1516 solempniori
543 1486 606 1516 quo
636 1475 749 1505 melius
778 1474 913 1516 intelligi
945 1480 1051 1516 potest
1081 1476 1121 1506 ad
1152 1476 1306 1507 honorem
1340 1477 1416 1508 dieti
1446 1478 1565 1509 domini
1601 1481 1685 1521 regis
1722 1485 1753 1511 et

94 1527 265 1559 comodum
282 1526 499 1569 predictorum
517 1527 656 1558 civitatis
681 1530 713 1557 et
729 1527 893 1558 hominum
918 1527 1123 1568 syngulorum
1143 1528 1295 1564 fecerunt,
1321 1530 1552 1561 constituerunt
1577 1535 1608 1562 et
1626 1531 1752 1563 ordinu-

94 1583 208 1610 verunt
239 1579 394 1610 discretos
423 1584 456 1610 et
483 1579 607 1609 nobiles
636 1579 719 1610 viros
748 1579 894 1610 dominos
928 1579 1172 1610 Benevenutum
1201 1580 1241 1611 de
1271 1579 1440 1621 Campixio
1476 1586 1508 1612 et
1539 1582 1680 1614 Mussum
1713 1584 1751 1615 de

94 1630 317 1662 Guasoonibus
341 1632 450 1672 legum
474 1631 674 1672 professores
706 1636 737 1661 et
763 1632 941 1672 quemlibet
965 1633 1104 1673 ipsorum
1134 1633 1164 1662 in
1193 1633 1344 1670 solidum,
1377 1633 1496 1664 ibidem
1527 1640 1691 1674 presentes
1722 1638 1753 1665 et

91 1682 279 1714 mandatum
303 1683 509 1723 susipientes‚
535 1682 772 1713 ambassatores
797 1684 939 1714 comunis
963 1683 1080 1724 Papie,
1106 1687 1210 1714 certos
1236 1691 1267 1714 01
1292 1684 1486 1715 indubitatos
1510 1686 1655 1723 nuncios„
1680 1697 1751 1727 syn-

93 1735 190 1775 dicos,
213 1739 362 1766 auctores
386 1738 418 1765 et
442 1738 666 1775 procuratmes
691 1734 730 1765 ad
757 1734 1006 1775 presentandum
1032 1739 1063 1765 et
1087 1735 1285 1767 offerendum
1311 1737 1474 1767 civitatem
1499 1736 1600 1778 l'apie
1630 1742 1661 1768 et
1686 1738 1752 1768 eius

93 1786 270 1818 districtum
295 1797 367 1817 cum
391 1786 538 1817 omnibus
563 1790 595 1816 et
619 1786 761 1827 syngulis
786 1787 986 1827 pertinentiis
1010 1787 1052 1817 ad
1076 1788 1238 1818 civitatem
1263 1788 1440 1828 predictam
1466 1799 1588 1819 necnon
1607 1789 1753 1819 homines

94 1843 127 1869 et
149 1849 302 1880 personas
319 1838 502 1869 habitantes
527 1838 558 1868 in
575 1838 719 1878 predicta
737 1839 866 1869 civitate
891 1843 923 1869 et
948 1839 1015 1869 eius
1033 1838 1178 1869 districtu
1195 1839 1322 1870 domino
1348 1840 1416 1880 regi
1433 1840 1575 1880 predicto
1601 1844 1752 1881 tanquam

94 1900 204 1921 eorum
223 1890 351 1922 domino
370 1891 461 1921 unico
487 1894 519 1921 et
540 1891 609 1922 soli.
649 1890 691 1921 Et
707 1890 747 1921 ad
766 1891 1062 1931 recognoscendum
1081 1896 1111 1921 et
1129 1892 1355 1926 confitendum,
1374 1893 1436 1922 iam
1455 1892 1572 1923 dictam
1590 1893 1752 1924 civitatem

94 1953 164 1974 cum
188 1943 389 1983 pertinentiis
413 1943 569 1974 universis
598 1953 660 1973 una
689 1953 760 1973 cum
785 1943 966 1973 hominibus
991 1943 1211 1974 habitantibus
1240 1945 1271 1974 in
1296 1943 1380 1974 dicta
1404 1944 1532 1974 civitate
1565 1948 1596 1974 et
1627 1945 1656 1975 in
1686 1946 1753 1975 eius

94 1994 239 2025 districtu
263 2005 333 2025 esse
359 1999 390 2026 et
415 2005 484 2026 esse
510 1994 629 2025 debere
655 1994 774 2025 domini
799 1995 883 2035 regis
908 1995 1054 2036 superius
1078 1996 1247 2026 memorati
1266 1995 1432 2036 dictosque
1449 1996 1594 2027 1101111003
1618 1997 1753 2027 civitatis

94 2045 237 2087 predicte
262 2057 332 2077 esse
357 2047 387 2076 in
411 2047 552 2088 presenti
578 2050 609 2077 et
634 2046 731 2077 fuisse
756 2046 1020 2087 predecessorum
1046 2058 1175 2077 snorum
1204 2048 1234 2077 in
1259 2048 1393 2088 imperio
1418 2047 1529 2078 fideles
1554 2048 1697 2079 homines
1723 2052 1753 2079 et

94 2108 164 2129 esse
182 2098 264 2129 velle
282 2099 402 2139 pariter
424 2102 455 2129 et
473 2098 603 2129 debere.
643 2098 684 2129 Et
709 2098 749 2128 ad
767 2099 974 2139 prestandum
1000 2102 1032 2129 et
1049 2099 1276 2132 confitendum,
1302 2110 1436 2130 00100110
1455 2100 1592 2130 civitatis
1609 2100 1752 2140 predicte

94 2153 166 2191 post
192 2150 296 2191 ipsum
322 2149 486 2180 dominum
515 2160 625 2191 regem
657 2153 799 2181 nostrum
830 2154 861 2181 et
890 2151 930 2181 ab
963 2151 1030 2192 ipso
1062 2155 1093 2181 et
1121 2150 1161 2181 ab
1192 2151 1260 2181 eius
1285 2151 1564 2191 predecessoribus
1593 2151 1751 2182 habuisse.

94 2201 214 2233 habere
244 2206 277 2232 et
300 2201 421 2233 habere
447 2201 566 2232 debere
591 2212 715 2232 merum
744 2206 776 2233 et
800 2203 927 2233 mistum
953 2203 1122 2243 imperinm
1153 2206 1184 2233 et
1208 2202 1424 2233 omnimodam
1449 2203 1698 2233 iurisdictionem
1724 2204 1752 2233 in

95 2254 222 2285 civitate
240 2254 342 2294 Papie
368 2257 399 2285 et
423 2255 453 2284 in
479 2254 546 2284 eius
570 2253 713 2284 districtu
738 2258 769 2285 et
794 2255 841 2285 ins
866 2254 1050 2285 instituendi
1076 2258 1107 2285 et
1124 2254 1318 2285 destituendi
1344 2258 1484 2285 rectores
1509 2258 1540 2284 et
1565 2258 1751 2294 potestates.

96 2306 241 2337 consules
266 2310 299 2337 et
322 2306 529 2347 magistratus
554 2311 586 2336 et
610 2306 765 2336 officiales
789 2306 869 2337 alios
901 2307 930 2336 in
957 2306 1041 2337 dieta
1066 2307 1194 2336 eivitate
1221 2310 1252 2336 et
1277 2306 1421 2336 districtu
1446 2306 1599 2336 eiusdem.
1647 2305 1687 2335 Et
1711 2306 1751 2336 ad

96 2358 284 2398 pettendam
309 2358 529 2388 investituram
555 2357 595 2388 de
620 2358 767 2388 omnibus
793 2358 850 2395 his,
877 2358 916 2389 de
935 2358 1048 2399 quibus
1073 2369 1113 2388 ex
1137 2368 1226 2388 more
1245 2358 1294 2387 vel
1320 2357 1359 2387 (10
1385 2359 1451 2387 iure
1477 2357 1659 2387 investitura
1687 2358 1752 2397 peti

95 2410 259 2440 consuevit
284 2413 315 2440 et
333 2412 448 2450 potest.
495 2409 536 2439 Et
560 2409 601 2440 ad
619 2409 818 2440 offerendum
837 2413 869 2440 et
885 2409 1135 2450 presentandum
1154 2409 1343 2439 fidelitatem
1362 2408 1502 2439 debitam
1521 2408 1605 2438 dieto
1624 2407 1751 2438 domino

94 2464 201 2492 nostro
232 2461 301 2502 regi
330 2471 387 2501 per
419 2461 521 2491 dictos
554 2461 698 2492 homines
727 2462 864 2492 civitatis
895 2462 997 2502 Papio
1033 2467 1064 2491 et
1094 2460 1134 2491 ad
1167 2460 1343 2491 faciendam
1374 2461 1474 2500 ipsam
1504 2459 1691 2489 tidelitatem
1721 2465 1751 2490 et

95 2513 258 2544 fidelitatis
288 2516 524 2543 sacramentum
556 2514 586 2543 in
611 2513 779 2544 animabus
812 2518 843 2544 et
875 2525 971 2554 super
1000 2512 1166 2543 animabus
1191 2513 1395 2553 syngulornm
1425 2511 1585 2541 hominum
1616 2511 1751 2541 civitatis

96 2565 257 2605 predicte,
290 2570 321 2596 et
346 2564 387 2595 ad
410 2563 619 2604 prestandum
645 2566 873 2606 cuiuscumque
898 2566 1025 2606 generis
1049 2568 1294 2603 saer-anwntuni,
1320 2563 1403 2603 qnod
1429 2563 1613 2601 exigeretur
1636 2573 1653 2592 a
1679 2574 1750 2603 pre-

96 2615 181 2647 dicta
198 2617 405 2647 universitate.
430 2626 486 2646 seu
504 2617 726 2657 syngularibus
744 2618 888 2658 personis
906 2617 1042 2647 civitatis
1061 2617 1203 2657 predi‹·te
1222 2626 1278 2656 per
1295 2615 1411 2645 dictum
1431 2615 1591 2644 (1001100111
1610 2623 1749 2644 nostrum

96 2678 215 2709 regem.
262 2667 303 2699 Et
332 2668 373 2698 ad
398 2668 638 2699 concedendum
664 2668 766 2699 libere
796 2672 828 2699 et
852 2669 998 2699 absolute
1025 2668 1109 2698 dieto
1136 2668 1262 2698 domino
1296 2672 1401 2696 nostro
1428 2666 1509 2706 regi,
1544 2665 1626 2706 quod
1654 2667 1750 2705 possit

97 2718 137 2750 de
154 2719 302 2750 omnibus
319 2719 485 2750 discordiis
503 2723 535 2750 et
552 2721 786 2753 controversiis,
812 2720 920 2751 litibus
938 2724 969 2751 et
987 2720 1135 2760 querelis,
1161 2730 1222 2759 que
1241 2725 1441 2748 verterentur
1458 2717 1552 2747 hodie
1570 2722 1601 2747 et
1619 2717 1751 2747 fuissent

96 2771 294 2812 temporibus
315 2771 475 2812 preteritis
493 2782 593 2812 usque
619 2772 659 2802 ad
678 2772 762 2803 diem
780 2772 967 2803 hodiernam
994 2772 1033 2801 de
1051 2782 1169 2812 genere
1195 2770 1233 2800 ad
1252 2781 1362 2809 genus,
1387 2769 1426 2799 ‹le
1446 2768 1533 2809 prole
1558 2768 1597 2799 ad
1619 2769 1750 2809 prolem,

97 2821 136 2852 de
161 2826 251 2863 parte
277 2822 317 2853 ad
335 2826 470 2863 partem.
495 2824 525 2853 in
551 2824 679 2854 civitate
697 2823 799 2864 Papio
825 2828 856 2854 et
881 2824 948 2854 eius
967 2823 1118 2853 districtu.
1145 2822 1315 2862 disponere
1334 2828 1363 2851 et
1387 2820 1543 2851 ordinare.
1570 2831 1751 2860 eonponere
