2044 3137
225 400 243 416 1:

222 428 245 440 at.

251 399 270 415 l!

320 159 376 185 Tui
719 148 880 175 llElle'lt'l
904 147 963 172 Vll.
984 144 1310 174 eONSTl'rL‘TIONES.
1349 144 1423 170 1:311.
1460 144 1507 170 ΧΓ.
1523 143 1580 170 ῖ16.

362 242 488 280 insuper
513 248 622 268 omncs
647 240 677 267 et
702 235 842 276 singulos
866 235 950 264 cives
981 238 1013 264 et
1044 233 1164 263 incolas
1199 241 1236 262 ae
1271 230 1486 261 disti-ictuales
1521 230 1605 261 dicte
1642 230 1778 261 civitatis
1801 230 1965 262 Florentio

361 290 580 321 exbannimus.
605 288 825 325 decernentes,
850 285 934 326 quod
952 285 1038 315 nulla
1055 285 1176 323 civitam,
1201 286 1340 314 castrum
1356 282 1409 313 vel
1426 281 1515 321 baro,
1540 282 1717 313 comunitas
1741 285 1797 313 aut
1819 282 1968 323 specialis

362 352 495 383 persona
521 340 622 371 dictos
646 349 796 370 comune.
833 339 918 367 rives
948 343 979 367 et
1008 335 1222 367 ‹listrietuales
1252 334 1304 365 vel
1336 333 1477 375 aliquem
1500 334 1643 375 ipsorum
1666 337 1814 375 receptet
1836 333 1888 365 vel
1912 333 1969 365 det

360 393 479 423 eisdem
504 392 656 423 auxilium
682 388 924 432 quomodolibet
948 389 998 419 vel
1024 387 1167 418 favorem
1191 389 1265 427 post
1280 396 1378 416 unum
1396 395 1538 416 mensem
1557 385 1752 427 completum
1770 396 1787 416 a
1805 385 1857 416 die
1873 385 1968 417 huius

360 445 516 475 sententie
542 444 605 474 late
631 441 861 482 inchoandum,
897 441 954 472 sub
984 451 1067 482 pena
1092 439 1224 470 cuilibet
1248 439 1374 470 comuni
1399 439 1536 469 civitatis
1560 438 1791 479 quinquaginta
1814 437 1968 468 librarum
1998 445 2010 465 ⁵

360 497 427 526 anri
453 501 484 525 et
509 495 638 525 euilibet
667 498 770 524 castro
801 494 850 524 rel
881 493 991 524 baroni
1021 492 1133 533 viginti
1159 491 1313 521 librarum
1345 490 1412 520 auri
1445 493 1477 520 et
1505 489 1637 520 cuilibet
1667 489 1799 530 speciali
1829 499 1968 531 persone

362 548 450 578 nnius
474 546 553 577 libre
577 547 645 576 auri
671 545 882 587 persolvenda
909 548 1015 575 nostre
1039 554 1167 574 camere
1193 546 1226 573 et
1253 542 1324 582 plus
1353 544 1385 572 et
1416 541 1520 572 minus
1547 540 1587 571 ad
1618 544 1760 572 nostrum
1791 540 1968 581 arbitrium,

360 598 559 629 considerata
585 598 738 638 qualitate
764 607 970 638 personarum
997 601 1027 625 et
1053 594 1148 625 modo
1174 593 1292 624 delicti.
1338 592 1380 623 Et
1404 593 1463 623 hee
1487 603 1571 634 pena
1595 593 1717 623 tociens
1741 592 1968 633 committatur,

361 651 507 691 quotiens
539 655 647 680 eontra
678 650 796 679 factum
830 648 934 678 fuerit.
1025 652 1088 685 (Vl)
1118 645 1159 676 Et
1194 645 1420 684 decernentes,
1458 643 1543 685 quod
1579 643 1715 685 quilibet
1748 644 1850 685 possit
1882 644 1970 685 ipsos

362 703 559 732 l·'lorentinos
585 706 746 741 tamquam
773 700 919 730 bannitos
944 703 975 729 et
1000 698 1138 729 rebelles
1162 701 1287 728 nostros
1311 700 1344 727 et
1360 697 1441 727 sacri
1459 695 1596 726 Romani
1613 695 1741 737 imperii
1757 695 1971 737 personaliter
1989 695 2018 727 ιδ

361 765 493 795 eapere.
528 759 633 783 tamen
659 753 725 783 sinc
752 752 873 782 lesione
899 761 1122 792 personarum,
1155 753 1187 780 et
1211 750 1241 779 in
1266 752 1405 780 nostram
1431 747 1559 779 fortiam
1583 748 1748 788 assignare
1773 752 1805 778 et
1827 748 1969 789 ipsorum

361 806 440 836 bona
457 816 573 846 capere
591 809 621 835 et
639 804 769 835 habere.
818 802 1036 845 lnllnjibenteS,
1062 801 1147 843 quod
1171 801 1276 832 nullus
1299 800 1456 831 dictorum
1481 800 1661 830 eomunium
1687 799 1737 830 vel
1761 799 1970 840 singularium

361 867 565 898 personarum
591 857 726 887 civitatis
750 855 913 886 Florentio
939 863 970 884 et
994 854 1156 884 districtus
1181 852 1308 883 debitor
1331 852 1408 893 ipsis
1437 851 1476 882 de
1505 861 1615 882 eorum
1650 850 1768 882 debitis
1793 850 1972 882 satisfaciat

361 909 408 939 rel
435 908 628 949 respondere
653 912 825 948 presumat.

432 976 458 998 s,
503 968 553 999 Ab
585 968 730 999 omnibus
761 971 869 998 autem
902 965 1054 1007 predictis
1083 965 1262 1005 excipimus
1290 963 1362 994 illos
1396 964 1448 1004 qui
1479 966 1552 994 sunt
1579 963 1619 994 de
1649 962 1771 994 familia
1798 965 1906 993 nostra
1940 966 1972 993 et
1991 973 2015 994 ιε

319 1021 387 1051 illos·
426 1021 478 1061 qui
509 1025 581 1050 sunt
611 1020 723 1051 exules
756 1020 884 1050 racione
915 1018 1059 1059 parcium
1097 1017 1137 1047 de
1171 1017 1240 1057 ipsa
1269 1016 1397 1046 civitate
1428 1019 1460 1046 et
1490 1015 1558 1046 eius
1595 1014 1762 1045 districtu¹³
1795 1024 1971 1056 eorumque

320 1072 456 1103 familias
481 1078 512 1102 et
536 1083 600 1107 res,
636 1082 716 1112 quos
752 1071 926 1102 familiares
961 1076 1086 1100 nostros
1115 1073 1147 1099 et
1171 1068 1284 1099 exules
1309 1078 1485 1108 eorumque
1511 1067 1649 1098 familias
1673 1070 1705 1098 et
1728 1066 1813 1098 bona
1836 1077 1856 1098 a
1879 1066 1972 1098 dietis

319 1125 407 1164 penis
432 1133 462 1154 et
489 1124 693 1154 bannimento
719 1128 750 1153 et
774 1123 942 1153 sententiis
966 1122 1137 1152 eximimus
1161 1126 1194 1150 et
1217 1120 1275 1150 sub
1300 1120 1501 1160 protectione
1518 1122 1626 1150 nostra
1643 1122 1675 1150 et
1691 1118 1830 1150 Romani
1846 1119 1972 1160 imperii

319 1186 526 1206 reservamus.
566 1175 765 1208 Mandantes.
791 1174 876 1216 quod
899 1178 1043 1215 potestas
1067 1177 1099 1204 et
1116 1173 1303 1213 capitaneus
1319 1171 1457 1202 civitatis
1473 1172 1536 1202 iam
1554 1171 1638 1202 dicte
1656 1181 1831 1212 corumque
1848 1170 1973 1201 iudices

283 1244 300 1259 ’.κ
318 1236 347 1257 et
374 1228 497 1259 notarii.
522 1228 579 1257 nisi
606 1228 683 1258 infra
710 1227 819 1267 viginti
845 1226 914 1256 dies
938 1225 978 1256 ab
1004 1224 1187 1256 huiusmodi
1211 1227 1319 1254 nostre
1350 1223 1532 1264 prolatione
1561 1223 1718 1254 sententie
1751 1221 1973 1254 decernendos
1991 1233 2017 1254 ,ο

317 1279 357 1308 ab
383 1279 457 1320 ipsis
481 1279 592 1309 officiis
617 1283 649 1309 et
673 1279 801 1310 civitate
827 1278 1041 1310 discesserint.
1066 1276 1116 1307 vel
1139 1277 1191 1317 qui
1211 1275 1250 1306 de
1267 1279 1374 1306 cetero
1392 1274 1434 1305 ad
1451 1275 1536 1306 dicte
1553 1275 1740 1316 potestarie,
1764 1274 1972 1315 capitanarie,

319 1331 475 1362 indit-atus
500 1331 547 1361 rel
572 1330 796 1361 tabellionatus
821 1330 925 1360 officia
951 1328 1079 1359 vocatih
1103 1327 1357 1369 presumpserint
1381 1326 1421 1357 ad
1447 1325 1666 1357 exercendum
1691 1326 1831 1364 eademi,
1855 1337 1873 1357 a
1889 1325 1973 1357 iudi-

318 1383 419 1414 candi.
444 1382 603 1413 assidendi
628 1387 661 1413 et
684 1383 895 1413 instrumenta
921 1381 1050 1422 publica
1075 1379 1212 1411 faciendi
1237 1382 1399 1420 potestate
1431 1379 1581 1420 omnique
1612 1378 1734 1409 honore
1759 1381 1792 1410 et
1815 1378 1972 1420 dignitate

319 1437 379 1466 sint
403 1436 470 1475 ipso
496 1436 562 1465 iure
587 1435 699 1475 privati
726 1438 892 1475 perpetue.
933 1432 1040 1468 Quiak
1065 1432 1197 1463 infamio
1216 1431 1361 1462 volumus
1379 1435 1410 1462 et
1427 1430 1630 1462 decernimus
1644 1429 1811 1462 subiacere
1829 1430 1972 1470 eosdem,
2014 1448 2022 1461 ·

320 1488 376 1517 nisi
402 1486 534 1528 predicti
559 1497 693 1517 contuito
723 1494 755 1517 et
783 1486 929 1516 homines
957 1484 1039 1515 infra
1069 1484 1180 1525 viginti
1211 1483 1334 1514 dierum
1366 1483 1509 1524 spacium
1539 1493 1598 1523 per
1624 1481 1781 1514 sindicum
1812 1479 1970 1524 legittime
1989 1474 2026 1522 ’ἐ

320 1539 498 1569 ordinatum
524 1539 761 1579 comparuerint
785 1548 892 1568 coram
922 1536 1027 1576 nobis,
1064 1535 1224 1567 mandat-is
1248 1535 1364 1566 nostris
1388 1545 1485 1575 super
1508 1532 1592 1576 lri[i]s
1622 1533 1769 1565 omnibus
1797 1533 1973 1566 efficaciter
2013 1523 2025 1608 ἐ

320 1591 460 1631 parituri.

2013 1280 2025 1445 “viv'’—

427 1656 455 1681 (Α.
492 1651 532 1681 Et
557 1650 701 1692 predicta
725 1650 831 1681 omnia
857 1660 896 1680 ex
922 1652 1009 1679 verta
1034 1648 1167 1679 scientia
1193 1651 1225 1678 et
1249 1646 1288 1677 (le
1313 1645 1458 1688 plenaria
1482 1648 1644 1687 potestate
1670 1646 1759 1688 regie
1780 1646 1974 1678 maiestatis¹
2014 1637 2026 1669 ἓ

320 1703 546 1743 p1·otntm·iari¹¹¹
576 1703 709 1733 facimus
732 1712 769 1732 ae
799 1701 896 1731 etiam
921 1699 1162 1741 promulgamus
1193 1709 1233 1729 ex
1259 1702 1347 1729 certa
1381 1698 1545 1737 scientia¹¹‚
1581 1700 1759 1729 statuentes
1792 1698 1972 1740 predictam
2007 1670 2030 1735 ι

320 1755 509 1785 sententiam
535 1758 567 1784 et
591 1764 759 1795 processus
783 1764 879 1794 super
902 1752 962 1782 hiis
986 1751 1114 1782 habitos
1131 1751 1238 1781 valere
1257 1756 1289 1781 et
1306 1750 1453 1781 obtinere
1470 1749 1594 1781 roboris
1610 1750 1759 1791 perpetui
1775 1749 1971 1791 firmitatem,

322 1817 380 1836 non
407 1805 607 1836 obstantibus
631 1806 655 1835 si
681 1806 754 1836 iuris
779 1805 857 1835 ordo
883 1809 914 1835 et
938 1803 1158 1844 sollempnitas
1180 1803 1210 1833 in
1226 1801 1381 1844 predictis
1397 1812 1460 1833 non
1477 1802 1594 1833 suerint
1611 1802 1773 1833 observati
1788 1802 1841 1834 vel
1857 1803 1973 1845 aliquis

320 1858 399 1887 alins
434 1857 578 1888 descetus
614 1862 722 1898 posset
757 1857 890 1898 opponi.
927 1860 959 1886 et
993 1866 1055 1886 non
1091 1854 1292 1885 obstantibus
1326 1853 1452 1896 legibus
1487 1853 1657 1895 aliquibus,
1693 1854 1807 1895 quibus
1841 1858 1974 1886 cavetur

321 1910 470 1939 abs-entes
495 1909 660 1950 dampnari
685 1920 746 1939 non
773 1920 864 1950 posse
889 1915 920 1938 et
945 1907 1030 1949 quod
1055 1907 1133 1938 ordo
1159 1906 1309 1937 iuridieus
1333 1907 1374 1936 sit
1397 1905 1582 1937 servandus.
1630 1905 1754 1941 Quibus
1777 1906 1924 1938 omnibus
1941 1910 1974 1938 et

321 1961 390 1991 aliis
407 1968 515 1991 eontra
534 1960 724 1991 facientibus
741 1960 847 2001 quoad
872 1959 1016 2001 predicta
1043 1970 1082 1989 ex
1108 1962 1196 1989 certa
1219 1958 1354 1988 scientia
1379 1961 1411 1988 et
1427 1960 1589 1998 potestate
1606 1957 1751 1999 plenaria
1768 1957 1972 2000 derogamus

321 2012 415 2042 Salva
440 2017 471 2042 et
495 2018 655 2042 reservata
685 2012 776 2042 nobis
800 2012 905 2042 balia⁰
930 2015 961 2042 et
986 2014 1168 2052 potestatur
1197 2009 1353 2049 addendi,
1388 2009 1569 2049 minuendi,
1605 2009 1786 2051 corrigendi
1815 2014 1848 2041 et
1873 2011 1972 2042 inter-

322 2063 486 2103 pretandi·¹
511 2065 539 2094 in
565 2064 710 2094 erunibus
735 2068 767 2094 et
791 2064 923 2104 singulis
946 2062 1152 2103 supradictis,
1178 2064 1273 2102 prout
1297 2065 1329 2092 et
1353 2060 1480 2102 qnando
1505 2061 1598 2092 nobis
1620 2061 1782 2093 videbitur
1805 2061 1972 2103 expedire.

428 2123 521 2162 Data,
546 2123 608 2154 lata
635 2128 666 2154 et
690 2125 898 2164 pronunciata
923 2131 971 2154 est
995 2123 1077 2153 dieta
1103 2123 1261 2153 sententia.
1277 2132 1336 2162 per
1352 2121 1532 2162 predictum
1549 2121 1711 2153 dominum
1729 2132 1839 2164 regem
1856 2122 1972 2155 seden-

322 2183 384 2205 tem
411 2186 465 2215 pro
491 2175 639 2205 tribunali
666 2181 697 2205 et
721 2175 804 2205 lecta
829 2181 861 2205 et
885 2175 1049 2216 publicata
1072 2174 1224 2206 mandato
1249 2178 1281 2204 ct
1305 2174 1335 2204 in
1359 2174 1522 2215 presentia
1546 2174 1645 2215 ipsius
1669 2173 1790 2205 domini
1813 2175 1898 2217 regis
1914 2184 1974 2216 per

321 2227 490 2257 ‹liseretnm
516 2228 614 2257 virum
640 2226 802 2257 (lominum
828 2226 978 2258 Sanctum
1005 2227 1044 2257 de
1069 2226 1246 2267 Ripparolo
1271 2225 1411 2256 iudicem
1437 2229 1469 2256 et
1492 2225 1708 2257 consiliarium
1732 2226 1831 2268 ipsius
1852 2226 1973 2258 domini

322 2279 404 2317 regis
429 2284 459 2308 et
484 2279 513 2308 in
539 2279 699 2319 presentia
724 2283 863 2309 nostrum
888 2279 1069 2320 Leopardi‚
1102 2277 1256 2309 Bernardi
1289 2282 1321 2308 et
1345 2277 1496 2308 [ohannis
1521 2278 1716 2309 notariorum
1746 2277 1822 2309 dicti
1852 2277 1972 2310 domini

322 2331 404 2369 regis·
429 2341 570 2361 eamere.
603 2329 717 2370 quibus
742 2337 774 2360 et
798 2331 911 2372 cuique
936 2335 1077 2361 nostrum
1103 2331 1132 2361 in
1157 2330 1294 2361 solidum
1319 2329 1405 2360 idem
1431 2329 1578 2360 dominus
1602 2340 1659 2361 rex
1683 2329 1862 2371 mandavit,
1885 2330 1971 2372 quod

322 2381 359 2411 ‹le
379 2382 527 2422 predictis
552 2381 698 2412 omnibus
723 2386 754 2412 et
778 2383 909 2423 singulis
933 2384 1138 2414 conficiamus
1163 2385 1195 2412 et
1218 2381 1331 2412 demus
1356 2381 1484 2422 publiea
1508 2382 1726 2413 instrumenta.
1815 2381 1916 2413 Ianne
1939 2382 1971 2413 in

322 2433 426 2472 platea
458 2433 587 2463 fratrum
618 2433 860 2465 1¹1·e‹li‹·atoru1n
892 2435 931 2465 de
963 2436 1061 2466 lanua
1096 2435 1217 2476 positar
1253 2434 1334 2464 infra
1371 2433 1483 2465 domos
1518 2434 1674 2465 dictorum
1710 2433 1843 2466 fratrum
1879 2437 1972 2466 extra

322 2495 426 2514 muros
451 2485 587 2514 vix-itatis-
615 2485 726 2518 lanue.
757 2487 804 2516 cui
835 2487 941 2527 platee
971 2487 1103 2517 eolieret
1127 2486 1349 2517 dormitorium
1379 2485 1536 2517 dictorum
1565 2485 1699 2517 fratrum
1729 2496 1770 2517 ex
1794 2496 1857 2517 una
1880 2490 1972 2527 parte

322 2543 351 2565 et
377 2547 415 2565 ex
440 2537 501 2566 alia
527 2536 697 2566 claustrum
723 2537 916 2568 infirmorum
943 2544 973 2569 et
999 2549 1038 2569 ex
1064 2537 1127 2568 alia
1152 2546 1242 2578 parte
1276 2537 1327 2567 via
1355 2537 1485 2578 publica
1513 2541 1546 2568 et
1574 2548 1615 2568 ex
1645 2537 1709 2568 alia
1736 2537 1876 2578 piscina,
1908 2547 1967 2579 per

322 2598 413 2625 quam
451 2589 545 2618 etiam
583 2588 722 2628 plateam
759 2588 895 2620 habetur
930 2590 1088 2630 ingressus
1124 2590 1153 2619 in
1189 2594 1310 2619 ortums
1346 2589 1486 2630 ipsorum
1523 2589 1666 2620 fratrum.
1762 2587 1972 2620 Prcsentibus

426 2690 486 2715 Tm.
507 2696 530 2714 “i
550 2693 661 2723 snsuitur
680 2700 702 2717 et
723 2702 742 2718 c.
823 2693 845 2717 ¹¹*1
865 2695 977 2727 sequitur
997 2700 1033 2723 ut,
1053 2695 1097 2719 sed
1116 2694 1188 2719 delet.
1209 2703 1229 2718 c.
1318 2693 1334 2721 i)
1355 2695 1461 2719 eandem
1476 2703 1496 2719 c.
1583 2693 1609 2724 k)
1627 2701 1656 2727 q3
1675 2702 1696 2718 c.
1779 2691 1800 2724 ¹)
1819 2693 1937 2726 mugiat.
1950 2700 1971 2718 c.

374 2735 571 2764 l*¹·'¹¹¹¹¹¹k'5·'¹¹¹¹·¹<
591 2744 609 2758 ¹·-
682 2740 705 2757 Ἠ
726 2738 837 2768 stertitur·
856 2743 879 2762 et
900 2738 1026 2763 sententia
1046 2738 1094 2762 del.
1115 2746 1135 2762 c.
1208 2738 1231 2762 ⁰)
1249 2746 1316 2762 rorr.
1336 2746 1366 2761 ea.-
1386 2738 1470 2762 baliva
1489 2746 1509 2762 c.
1581 2738 1605 2769 1')
1620 2737 1747 2770 potestate
1761 2745 1782 2761 c.
1854 2735 1880 2768 q)
1895 2736 1971 2761 inter-

325 2778 434 2806 ,ιῐμιιμίἰ
456 2789 459 2797 ι
563 2782 583 2803 ¹>
603 2787 668 2802 verr.
688 2787 717 2802 ’,α’
739 2781 806 2811 penit
827 2789 846 2805 r,
936 2788 955 2806 Ἴ
975 2782 999 2806 in
1019 2785 1101 2805 ortum
1119 2786 1176 2811 poet
1197 2780 1256 2804 add.
1277 2789 1355 2811 snpra
1377 2781 1469 2805 lineam
1491 2790 1509 2805 c.
