2044 3137
52 763 76 782 lo

41 1023 63 1041 15

49 1280 74 1299 ‘20

52 1547 77 1567 25

48 1807 73 1826 30

50 2065 73 2084 35

50 2325 75 2343 40

50 2583 75 2602 45

492 199 655 225 HEJNRICI
678 200 737 226 VH.
758 199 1080 226 CONS'l‘ITL'TIONES.
1120 200 1192 225 1:310.
1224 199 1271 226 ΧΓ,
1286 200 1342 225 1314.
1681 202 1736 230 471

97 286 214 317 Sicilie.
240 296 310 316 cum
335 296 433 326 regno
451 286 632 317 Arelatensi
658 292 690 317 et
715 287 905 328 quibusdam
930 287 1000 317 aliis
1018 288 1047 317 ei
1063 287 1262 327 assignandis
1286 287 1314 316 in
1334 285 1452 317 dotem.
1477 296 1538 326 que
1557 285 1746 316 dicebantur

96 339 224 369 tractari
249 348 307 378 per
330 338 433 378 ipsum
458 348 586 378 papam.
611 339 744 379 ipseque
768 349 853 380 papa
878 339 1061 369 mandasset
1084 339 1179 369 michi
1199 338 1247 377 G..
1273 337 1356 378 quod
1383 337 1522 367 dicerem
1547 337 1743 367 voluntatem

95 400 200 421 meam
226 412 232 418 .
251 413 256 418 .
283 388 435 419 cardinali
454 389 686 430 Burdegalensi
706 394 738 420 et
764 414 768 419 .
784 416 789 421 .
815 391 1002 429 camerario,
1028 396 1059 421 et
1077 401 1137 430 ego
1156 390 1248 430 plene
1268 390 1488 430 exposuissem
1507 389 1571 418 eish
1589 388 1744 429 predicta.7

95 444 188 482 prout
212 444 303 470 erant
326 439 421 470 michi
446 451 504 480 per
520 451 575 471 ros
598 441 748 475 iniuncta.
774 446 805 472 et
829 442 869 472 ad
893 442 988 472 finem
1012 442 1109 472 miehi
1125 452 1183 482 per
1200 452 1255 471 vos
1278 441 1471 481 impositum.
1496 451 1557 470 non
1582 441 1611 470 in
1637 440 1745 471 odium

95 491 311 533 predictorum
336 502 464 531 regum:
498 493 632 532 ipseque
658 494 852 523 camerarius
876 494 981 523 verbis
1006 493 1066 523 illis
1089 494 1185 523 finitis
1209 494 1238 522 in
1265 493 1359 523 domo
1385 492 1553 522 cardinalis
1576 492 1744 533 Burdega-

94 544 189 575 lensis
212 554 264 574 me
289 543 440 573 traxisset
463 543 504 573 ad
528 548 653 584 partem
686 548 717 574 et
746 544 786 575 de
817 545 870 575 illo
901 549 1039 575 tractatu
1072 545 1145 575 olim
1171 545 1280 574 habito
1310 554 1406 584 super
1432 544 1562 583 negotio
1586 543 1744 574 Bonifacii

94 595 191 626 michi
215 595 402 635 loqueretur
426 596 648 626 annunciative
674 599 707 626 et
730 606 788 636 per
811 596 940 627 modum
959 598 1144 637 questionis.
1169 607 1208 626 an
1234 600 1339 626 essent
1364 595 1479 636 pcrditi
1505 595 1640 627 labores.
1666 605 1747 636 quos

95 647 240 678 dominus
264 657 349 687 papa
374 656 470 687 super
500 646 553 677 illo
585 650 724 678 tractatu
753 648 961 685 sustinuerat,
994 652 1026 678 et
1055 658 1106 678 me
1136 651 1280 688 rogaret.
1312 647 1395 687 quod
1425 658 1486 687 ego
1516 658 1683 688 quererem
1713 651 1747 678 et

93 699 268 730 invenirem
292 699 375 733 vias.
406 708 465 739 per
493 709 572 739 quas
601 699 654 729 ille
685 703 839 730 tractatus
863 704 973 740 posset
996 700 1036 730 ad
1069 703 1213 740 optatum
1237 700 1333 730 finem
1358 699 1503 740 perduci:
1533 704 1566 729 et
1596 710 1656 739 ego
1686 699 1745 729 sibi

97 754 189 783 caute
214 749 461 791 respondissem.
487 750 572 791 quod
596 761 657 780 non
677 755 745 781 erat
762 762 868 782 meum
887 752 946 782 hoc
963 751 1081 782 facere.
1107 751 1163 781 scd
1180 751 1221 781 ad
1239 751 1399 781 dominum
1418 761 1535 791 papam
1553 751 1745 791 pertinebat.

94 796 147 844 qui
170 802 287 833 multas
310 801 411 832 bonas
428 803 494 832 vias
519 802 661 832 invenire
686 806 823 843 poterat.
849 804 874 833 si
899 803 1028 833 volebat
1053 806 1127 833 eto:
1153 807 1219 839 (13›
1245 802 1372 832 tandem
1398 802 1438 832 ad
1455 813 1549 833 aures
1566 803 1745 843 aliquorum

95 865 135 886 ex
158 854 250 885 nobis
279 854 441 895 pervenit,
471 853 557 894 quod
586 855 671 884 facta
700 855 856 885 relatione
888 865 944 895 per
972 855 1075 885 dictos
1103 854 1282 885 cardinales
1313 858 1345 884 et
1376 855 1585 884 camerarium
1617 854 1745 885 domino

93 916 177 947 pape
203 905 243 936 de
267 905 435 947 predictis,
467 916 529 946 (1118
555 906 600 936 813
626 906 771 937 dixeram
796 907 826 936 in
852 910 990 938 secreto.
1022 906 1168 937 dominus
1192 917 1277 947 papa
1301 907 1468 946 imposuit.
1493 906 1577 946 quod
1603 906 1642 936 ad
1667 907 1748 936 alios

93 957 172 988 fines
197 960 229 988 et
252 956 346 988 aliter
369 957 498 997 loqutus
522 957 657 989 fueram.
683 968 778 998 quam
802 958 943 990 fuissem.
982 957 1031 987 De
1050 968 1112 998 quo
1131 968 1190 998 ego
1216 958 1259 987 fui
1285 957 1429 987 turbatus
1451 962 1482 987 et
1500 968 1559 987 non
1585 958 1742 989 inmerito.

95 1012 127 1040 et
149 1009 279 1047 timens.
315 1019 355 1039 ne
387 1008 534 1039 defectus
562 1009 682 1039 relatus
715 1020 843 1039 causam
874 1009 1017 1040 dedisset
1047 1009 1175 1039 domino
1206 1019 1288 1049 pape
1318 1008 1444 1038 dicendi
1474 1008 1631 1048 predicta.
1667 1009 1748 1039 alios

94 1060 240 1091 dominos
263 1071 353 1091 meos
379 1060 456 1090 duxi
479 1061 510 1090 in
535 1071 664 1091 camera
689 1062 857 1091 camerarii
882 1072 966 1102 pape
993 1064 1024 1091 et
1049 1060 1168 1091 ibidem
1195 1071 1302 1091 coram
1321 1061 1366 1090 cis
1384 1060 1496 1100 repetii
1516 1061 1620 1090 onmia
1638 1061 1746 1099 verba.

94 1123 155 1154 que
186 1123 283 1154 super
312 1112 465 1154 predictis
495 1112 597 1143 tribus
629 1113 771 1143 articulis
800 1113 944 1143 dixeram
976 1114 1006 1143 in
1037 1118 1161 1143 secreto
1194 1112 1347 1143 cardinali
1372 1111 1603 1152 But-degalensi
1633 1118 1663 1143 ct
1688 1113 1747 1153 ipsi

93 1165 289 1205 camerario.
324 1169 360 1195 ut
389 1167 496 1195 essent
526 1164 622 1195 michi
654 1168 754 1195 testes
785 1164 824 1195 de
857 1165 931 1203 hiis,
968 1175 1029 1205 que
1060 1164 1205 1194 dixeram
1240 1168 1271 1193 et
1302 1163 1343 1194 ad
1373 1174 1453 1204 quos
1483 1164 1561 1194 fines
1591 1164 1747 1195 dixeram.

92 1217 234 1248 maxime
259 1217 333 1258 quia
358 1216 559 1255 audiveram,
591 1216 676 1257 quod
701 1227 786 1258 papa
811 1217 933 1247 fecerat
963 1227 1021 1257 per
1045 1217 1256 1246 camerarium
1283 1216 1367 1246 dicta
1391 1215 1490 1246 verba
1514 1215 1608 1246 scribi
1634 1224 1665 1246 et
1689 1216 1747 1246 sibi

91 1268 175 1299 tradi
210 1269 241 1299 in
273 1269 407 1309 scriptis,
454 1268 496 1299 Et
523 1279 581 1299 nos
610 1279 720 1299 onmes
749 1268 866 1299 auditis
893 1268 998 1299 verbis
1030 1268 1105 1298 dicti
1137 1268 1256 1299 domini
1288 1267 1337 1300 G..
1373 1267 1482 1298 audito
1513 1268 1626 1301 etiam.
1663 1267 1747 1308 quod

93 1321 287 1351 camerarius
312 1320 539 1355 concordabat.
564 1320 650 1361 quod
676 1320 736 1353 ita,
767 1321 848 1350 sicut
876 1319 962 1350 idem
991 1319 1138 1350 dominus
1163 1319 1200 1349 G.
1226 1320 1355 1360 repetiit
1380 1329 1486 1350 coram
1512 1319 1619 1352 nobis.
1651 1328 1682 1350 et
1707 1319 1747 1349 ad

91 1372 181 1402 illum
204 1372 300 1403 finem
326 1377 358 1403 et
380 1383 443 1403 non
468 1372 561 1403 aliter
586 1372 728 1411 dixerat7
753 1373 854 1413 gavisi
879 1372 1010 1411 1111111113,
1036 1373 1110 1413 quia
1134 1371 1230 1412 longe
1256 1371 1416 1402 distabant
1440 1371 1480 1402 ab
1504 1371 1577 1404 hiis.
1603 1382 1663 1412 (1118
1688 1372 1746 1401 sibi

91 1425 341 1466 imponebantur
365 1425 450 1455 dicta
473 1425 582 1455 fuisse.

204 1487 250 1516 13.
275 1487 342 1523 (14)
366 1484 408 1516 Et
432 1484 561 1516 demum
580 1485 632 1515 dic
657 1485 804 1525 sequenti
822 1495 906 1526 papa
927 1484 1091 1515 mandavit
1109 1495 1164 1524 pro
1189 1484 1280 1514 nobis
1305 1487 1337 1514 et
1361 1484 1540 1514 invenimus
1566 1484 1595 1513 in
1620 1494 1749 1514 camera
1764 1493 1867 1513 sonex

97 1547 154 1568 sua
178 1561 185 1568 .
205 1562 210 1568 .
235 1537 387 1568 abbatem
413 1536 521 1568 Sancti
546 1536 694 1568 Medardi
720 1541 752 1567 et
775 1537 986 1567 camerarium
1018 1540 1050 1566 et
1079 1535 1275 1566 cardinalem
1299 1535 1590 1575 Burdegalensem.
1622 1541 1653 1565 et
1677 1546 1748 1565 cum

92 1589 287 1620 sedissemus
311 1599 418 1620 coram
445 1599 501 1623 eo.
525 1599 609 1629 papa
636 1599 694 1629 per
718 1588 777 1619 hee
802 1588 901 1619 verba
925 1589 1059 1629 incepit:
1086 1587 1287 1618 *Guillelmus
1312 1587 1352 1618 de
1376 1587 1541 1628 Nogareto
1566 1597 1616 1617 1118
1641 1587 1746 1627 requi-

93 1642 175 1680 sivit,
199 1641 285 1682 quod
309 1642 507 1683 assignarem
532 1641 592 1671 sibi
617 1641 742 1681 aliquos
766 1641 957 1671 secretarios
981 1651 1081 1675 meos.
1107 1650 1164 1680 per
1187 1650 1267 1680 quos
1290 1640 1386 1669 michi
1411 1640 1605 1680 significaret
1629 1639 1746 1679 aliqua.

93 1703 154 1734 que
179 1697 304 1724 secrete
329 1704 387 1724 rex
411 1693 586 1723 mandabat
610 1703 669 1733 per
694 1703 776 1723 eum.
824 1692 894 1733 Ego
913 1693 1057 1723 commisi
1075 1692 1228 1722 cardinali
1245 1691 1478 1732 Burdegalcnsi
1504 1699 1536 1721 et
1561 1691 1747 1725 camerario,

93 1746 146 1786 qui
170 1748 243 1775 sunt
266 1745 327 1775 hic.
374 1745 485 1776 Verba
510 1745 639 1775 fuerunt
663 1755 781 1785 magna
806 1748 838 1775 et
863 1744 902 1775 de
927 1744 1028 1775 tribus
1056 1744 1180 1784 magnis
1211 1743 1366 1781 articulis,
1399 1742 1520 1773 scilieet
1547 1742 1587 1772 de
1612 1747 1746 1773 tractatu

91 1797 218 1838 negocii
253 1796 373 1827 domini
402 1796 561 1828 Bonifacii
598 1801 629 1827 et
665 1797 872 1838 promocione
903 1797 988 1837 regis
1024 1796 1242 1826 Romanorum
1279 1799 1310 1825 et
1344 1795 1382 1825 de
1413 1795 1629 1827 matrimonio.
1664 1795 1746 1835 quod

92 1851 248 1879 tractatur
270 1849 354 1879 inter
377 1848 475 1879 filiam
500 1849 585 1890 regis
610 1848 828 1879 Romanorum
855 1852 887 1879 et
911 1848 1010 1879 filium
1035 1848 1120 1888 regis
1145 1847 1263 1877 Sicilie.
1310 1846 1431 1877 Verum
1456 1847 1529 1887 quia
1553 1846 1669 1881 abbas.
1695 1847 1746 1886 11111

93 1904 142 1932 est
164 1900 226 1940 hic,
251 1900 291 1931 de
316 1901 384 1931 istis
408 1900 508 1931 tribus
532 1901 674 1931 articulis
699 1911 739 1931 ex
764 1907 856 1941 parte
881 1901 966 1941 regis
991 1900 1031 1930 ab
1056 1900 1119 1930 alia
1144 1903 1235 1939 parte
1260 1898 1300 1929 ad
1326 1909 1376 1929 mc
1401 1899 1515 1928 missus
1539 1909 1609 1928 cum
1634 1898 1748 1928 litteris

93 1952 262 1983 credencie
296 1953 388 1993 plura
416 1953 493 1983 mihi
523 1952 651 1993 loqutus
684 1957 732 1983 est
765 1956 797 1982 et
830 1963 890 1993 ego
921 1952 985 1982 scio
1016 1962 1073 1992 per
1104 1951 1293 1981 relationem
1319 1951 1500 1985 camerarii,
1536 1949 1621 1990 quod
1645 1949 1683 1980 G.
1710 1949 1749 1979 de

92 2004 258 2046 Nogareto
283 2003 374 2035 vobis
399 2004 481 2035 dixit
505 2005 626 2035 omnia.
657 2014 718 2044 que
744 2004 819 2044 ipsis
845 2003 1000 2034 cardinali
1025 2008 1056 2033 et
1080 2003 1273 2034 camerario.
1303 2003 1356 2043 qui
1380 2007 1451 2031 sunt
1475 2002 1539 2032 hic.
1569 2001 1695 2031 dixerat
1720 2001 1748 2030 in

93 2060 233 2097 secreto,
268 2056 342 2087 ideo
372 2056 522 2087 mandavi
557 2067 614 2097 pro
643 2056 734 2086 vohis
764 2059 796 2086 et
825 2067 881 2096 pro
912 2055 996 2086 dicto
1027 2055 1161 2087 abbate.
1197 2058 1231 2084 ut
1261 2053 1349 2084 vobis
1384 2053 1509 2083 insimul
1546 2057 1577 2083 et
1607 2063 1663 2093 per
1695 2064 1750 2082 vos

93 2108 267 2140 Guillelmo
299 2108 338 2139 de
364 2108 530 2149 Nogareto
555 2112 587 2139 et
616 2108 700 2138 dicto
733 2108 843 2138 abbati
872 2107 1036 2138 vobiscum
1065 2107 1306 2147 responsionem
1336 2105 1483 2136 eamdem
1515 2106 1630 2135 faciam
1655 2115 1750 2145 super

94 2161 139 2191 eis
163 2159 205 2191 ad
228 2159 394 2191 vitandum
425 2160 570 2190 laborem
604 2170 726 2193 meum.
755 2170 795 2190 ne
827 2170 924 2200 super
952 2159 1073 2190 eisdem
1104 2159 1245 2188 articulis
1269 2157 1358 2187 vobis
1390 2158 1420 2187 in
1449 2168 1586 2198 persona
1611 2156 1685 2187 dicti
1711 2156 1748 2186 G.

94 2223 190 2243 unam
223 2215 255 2243 et
291 2212 375 2243 dieto
406 2212 515 2243 abbati
544 2212 640 2243 aliam
670 2223 722 2242 1118
752 2216 901 2253 oporteat
930 2211 1171 2252 responsionem
1202 2211 1318 2240 facere.
1366 2209 1429 2239 Sed
1464 2209 1488 2238 si
1520 2208 1627 2247 vultis.
1665 2208 1749 2248 quod

95 2264 265 2295 cardinalis
281 2264 492 2299 Tusculanus.
517 2265 570 2305 qui
588 2268 637 2294 est
660 2265 691 2294 in
715 2263 769 2294 illa
794 2267 1021 2295 retrocamera.
1046 2263 1098 2303 qui
1125 2269 1171 2292 est
1196 2262 1316 2292 amicus
1339 2261 1422 2299 regis
1447 2264 1479 2290 ct
1503 2260 1542 2290 de
1568 2261 1626 2289 biis
1650 2261 1747 2290 multa

93 2317 191 2356 novit.
215 2317 255 2347 sit
278 2326 412 2358 presens
436 2315 477 2346 ad
501 2316 571 2355 ista,
596 2316 704 2357 placet
727 2315 841 2346 nobiss
888 2318 955 2354 (15)
979 2315 1020 2345 Et
1045 2318 1117 2345 tunt·
1142 2325 1198 2344 nos
1223 2312 1453 2353 respondimus.
1479 2311 1563 2352 quod
1589 2311 1663 2341 licet
1687 2322 1746 2341 non

95 2372 181 2399 esset
214 2369 400 2409 impositum
435 2367 526 2398 nobis
561 2378 619 2408 per
654 2377 723 2403 vos.
762 2367 848 2408 loqui
885 2367 924 2397 de
961 2366 1024 2396 illis
1059 2366 1200 2396 articulis
1236 2376 1328 2405 reges
1357 2364 1547 2394 Alemannie
1584 2368 1615 2392 et
1640 2362 1747 2392 Sicilie

94 2421 311 2462 tangentibus
335 2430 395 2451 nec
413 2419 516 2450 dictus
541 2419 688 2450 dominus
706 2418 743 2450 Gr.
763 2430 802 2449 ex
827 2422 919 2460 parte
944 2422 1061 2458 vestra,
1086 2417 1171 2458 quod
1197 2418 1359 2449 sciremus.
1385 2426 1441 2445 nc(-
1468 2427 1506 2445 ex
1526 2418 1616 2455 parto
1642 2422 1748 2444 nostra,

95 2472 135 2503 de
169 2472 323 2513 predictis
358 2472 486 2512 loqutus
520 2472 647 2509 fuisset.
683 2472 741 2501 nisi
777 2474 929 2511 quantum
966 2470 1190 2500 audiveramus
1228 2469 1257 2498 in
1293 2468 1453 2508 presentia
1489 2466 1654 2496 camerarii
1690 2476 1748 2506 por

94 2524 319 2565 repetitionem
350 2523 425 2554 dicti
459 2523 576 2553 domini
603 2522 655 2554 G..
693 2522 777 2553 dicto
806 2522 925 2553 abbate
955 2523 985 2551 in
1016 2521 1175 2562 presentia
1206 2523 1309 2549 nostra
1341 2519 1466 2548 dicento
1499 2519 1626 2548 domino
1652 2528 1745 2557 pape.

96 2576 182 2617 quod
211 2575 251 2606 de
288 2575 440 2616 predictis
475 2575 575 2605 tribus
605 2574 747 2605 articulis
774 2574 832 2604 sibi
863 2575 991 2614 loqutus
1024 2574 1128 2603 fuerat
1153 2572 1192 2602 dc
1219 2571 1368 2601 mamiato
1393 2574 1499 2600 vestro
1525 2573 1556 2599 et
1580 2569 1664 2609 quod
1689 2579 1745 2609 pro

97 2629 142 2659 eis
166 2632 198 2659 et
221 2628 292 2658 aliis
315 2628 440 2669 magnis
465 2631 496 2657 et
518 2627 694 2657 maioribus
717 2627 831 2657 missus
848 2637 906 2667 per
923 2637 978 2655 vos
995 2626 1108 2657 fuerat.
1134 2624 1272 2654 diximus
1290 2622 1373 2663 qnod
1399 2622 1536 2652 libenter
1552 2620 1745 2651 audiremus.

97 2679 181 2720 quod
204 2680 274 2720 ipse
299 2689 383 2720 papa
407 2678 499 2710 nobis
523 2678 646 2709 diceret
671 2682 703 2708 et
727 2689 765 2709 ea
789 2679 982 2709 reson-‹rmus
1008 2677 1135 2706 domino
1162 2676 1199 2705 G.
1226 2683 1257 2704 et
1282 2674 1386 2705 vobis.
1412 2675 1436 2703 si
1463 2673 1605 2713 placeret
1630 2672 1745 2704 cidem.

97 2736 129 2761 et
153 2731 238 2772 quod
263 2731 397 2762 multum
415 2730 612 2770 volebamus,
638 2729 723 2771 quod
748 2734 833 2760 esset
857 2740 988 2770 presens
1013 2728 1158 2758 dominus
1176 2727 1382 2757 Tusculanus.
1416 2724 1455 2755 Et
1480 2732 1592 2755 vocato
1618 2723 1745 2754 domino

199 2833 264 2860 514.
284 2834 308 2866 h)
330 2843 411 2866 snpra
430 2835 524 2859 lineam
543 2835 604 2858 eald.
626 2843 662 2858 or.
