2044 3137
420 162 583 188 HEINRICI
604 162 664 188 VH.
685 162 1007 189 CONSTITUTIONES.
1046 164 1120 190 1310.
1158 164 1349 191 N1·.3·39.370.
1650 166 1710 195 317

211 250 245 280 ln
269 250 378 290 primis
403 250 628 280 intimaverunt
697 254 824 281 tenetur
847 252 877 281 ei
901 251 1040 283 facero&

166 301 226 337 Qui
263 301 409 331 dominus
433 302 568 332 vicarius
604 306 636 332 et
670 303 832 342 sapientes
868 302 944 333 dicti
974 302 1047 333 locii
1080 303 1207 333 nomine
1239 304 1340 334 tocius
1370 304 1513 334 comunis
1538 303 1615 333 dicti
1639 303 1713 334 locii

60 354 208 385 dixerunt
233 359 263 383 et
287 352 522 393 responderunt
546 356 697 395 tanquam
723 354 797 384 boni
821 354 950 385 fideles:

209 404 302 439 Quod
328 404 366 434 de
385 404 525 435 adventu
541 406 640 445 ipsius
658 405 776 436 domini
795 407 996 446 imperatoris
1014 417 1109 446 quam
1127 406 1298 447 plurimum
1315 407 1525 447 gratulantur.
1550 410 1599 437 set
1616 406 1712 437 modo

26 465 38 484 ⁵
101 456 142 487 ad
166 466 296 497 presens
325 466 387 486 non
412 464 542 497 possent
566 457 642 487 dare
672 468 729 487 nec
754 457 861 488 facere
887 458 1141 498 responsionem,
1172 459 1231 488 nisi
1256 460 1358 499 primo
1383 459 1479 489 locuti
1505 464 1611 489 essent
1642 469 1712 489 cum

100 508 227 539 domino
253 507 401 538 Gnidone
432 508 471 538 de
504 508 533 538 la
559 508 642 539 Ture
674 508 713 539 de
739 509 937 543 Mediolano,
969 510 1021 550 qui
1052 515 1099 540 est
1130 510 1171 540 ad
1196 521 1327 550 presens
1353 510 1499 541 dominus
1530 511 1606 541 dieti
1630 511 1712 541 locii.

100 559 157 590 Set
179 563 287 590 tamen
310 559 391 590 infra
416 559 502 590 illam
527 559 728 592 dilationem.
757 571 817 602 qua
844 561 964 592 debent
987 561 1183 602 respondere
1208 562 1482 599 Mediolanenses⁴¹
1507 563 1567 603 ipsi
1592 562 1714 593 dabunt

99 612 338 652 responsionem
364 622 461 652 super
484 612 650 652 predictis:
691 617 722 642 et
753 614 779 643 si
803 614 1004 654 contingeret
1029 614 1115 654 ipsos
1143 625 1205 644 non
1236 613 1313 644 darc
1338 615 1594 655 responsionelm
1626 615 1713 645 illam

99 663 349 704 responsionem,
375 673 470 703 quam
493 663 610 693 facient
626 663 896 698 Mediolanenses,
920 676 977 705 pro
1002 676 1035 695 sc
1060 666 1137 706 ipsis
1162 676 1290 706 quoque
1308 666 1418 696 volunt
1443 676 1512 696 esse
1539 666 1656 697 factam
1682 670 1714 696 et

16 723 39 742 ιο
98 714 187 745 illam
211 724 252 745 ex
275 725 357 745 nunc
382 714 502 745 faciunt
527 719 558 745 ct
582 716 749 746 ratificant.
776 717 878 756 parati
903 727 1031 757 semper
1054 717 1095 747 ad
1120 718 1225 747 omnia
1251 728 1369 758 genera
1388 717 1612 748 mandatorum
1637 717 1713 748 dicti

99 766 219 797 domini
242 767 454 807 imperatoris

162 819 279 848 Actum
310 819 341 848 in
370 818 490 859 palatio
519 818 610 859 burgi
639 818 802 850 Modocie.
834 819 1037 860 presentibus
1065 820 1201 850 testibus
1232 820 1360 851 domino
1392 821 1576 852 Lombardo
1610 821 1650 852 de
1684 822 1714 851 la

55 870 139 901 Ture
163 870 389 900 archidiacono
416 870 550 901 ecclesie
575 871 675 900 sancti
699 870 851 901 Iohannis
877 870 916 901 de
934 870 1094 910 Modocia‚
1120 871 1248 902 domino
1273 871 1406 913 Pagano
1432 872 1535 903 Balbo
1561 874 1714 904 canonico

56 921 139 952 dicte
163 921 309 958 ecclesie,
334 921 462 952 domino
480 921 747 952 Iohannihenrico
774 922 813 953 de
830 922 936 953 Domo
961 922 1072 953 milite.
1099 923 1227 953 domino
1244 923 1413 954 Fredelico
1439 924 1478 955 de
1496 924 1587 955 Reno
1613 925 1713 955 milite

14 981 36 1001 ιδ
55 976 88 1005 et
110 973 188 1004 aliis.
268 973 309 1004 Et
332 973 406 1004 inde
425 973 658 1004 mandaverunt
680 974 777 1005 miehi
793 975 917 1004 notario
936 974 1136 1015 infrascripto
1162 975 1229 1005 fieri
1254 975 1439 1016 pubblicum
1457 977 1712 1007 instrumentum.

162 1025 206 1066 (S.
223 1025 276 1065 N.)
322 1025 364 1056 Et
394 1036 454 1066 ego
488 1025 644 1056 Martinus
674 1026 764 1067 Loge
796 1027 938 1056 notarius
972 1026 1135 1067 publicus,
1172 1028 1248 1057 civis
1279 1029 1416 1058 civitatis
1442 1028 1622 1069 Yporegim
1652 1029 1713 1059 hiis

55 1077 200 1108 omnibus
222 1077 351 1108 interfui
377 1082 409 1108 et
432 1078 511 1108 hanc
537 1082 658 1109 cartam
682 1078 765 1108 tradi
791 1082 822 1109 et
846 1079 956 1119 scripsi
982 1082 1013 1108 et
1037 1078 1111 1109 inde
1136 1083 1268 1120 rogatus
1292 1079 1346 1110 fui.

488 1214 564 1247 370.
593 1215 853 1247 RESPONSIO
880 1215 1082 1247 (V'REMAE.
1130 1216 1205 1247 Ima.
1223 1218 1274 1247 20.

161 1276 242 1307 Item
276 1285 325 1307 nr.
349 1278 411 1306 633
438 1276 483 1307 ecl.
509 1276 652 1307 Benarni
681 1275 700 1306 l.
724 1287 748 1306 c.
771 1276 799 1313 Ι,
827 1277 869 1306 20
893 1287 942 1307 nr.
970 1278 1018 1307 15.
1076 1277 1116 1307 In
1140 1287 1226 1308 verso
1255 1277 1409 1317 seriptum
1432 1280 1492 1309 est:
1528 1279 1558 1311 st
1583 1278 1711 1310 Creme.

12 1335 39 1356 ²⁰
57 1327 290 1367 Propositiones
312 1327 485 1368 leqatorum
508 1328 766 1360 abbreviavimus,

166 1379 213 1420 Cf:
237 1380 327 1420 infra
350 1390 398 1410 nr.
416 1381 479 1410 379
503 1390 571 1418 cap.
590 1381 639 1410 13.
1416 1380 1469 1419 (P.
1495 1381 1604 1418 deest.)

161 1466 199 1496 In
221 1467 349 1497 nomine
373 1465 504 1496 Domini
528 1476 632 1497 amen.

160 1518 252 1549 Anno
278 1517 422 1548 eiusdem
446 1517 575 1548 Domini
599 1517 769 1548 millesimo
795 1517 924 1554 CCCX‚
954 1517 1108 1549 inditione
1128 1518 1222 1550 VIII.
1255 1519 1306 1550 die
1332 1519 1466 1550 Sabbati
1496 1520 1569 1550 XX.
1594 1521 1713 1550 mensis

53 1568 144 1600 Iunii.
232 1569 446 1600 venerabiles
470 1568 656 1600 Gen-hardus
674 1569 928 1600 Constantiensis
953 1574 985 1599 et
1010 1569 1146 1600 Sifridus
1165 1570 1327 1601 Curiensis
1352 1572 1505 1612 episcopi„
1530 1571 1712 1612 Hugolinus

11 1629 35 1648 2⁵
55 1620 94 1652 de
110 1621 225 1652 Vichio
249 1621 341 1652 miles
366 1625 398 1652 et
421 1621 580 1652 Henricus
605 1621 644 1652 de
662 1621 830 1662 Ralvengo
856 1622 932 1652 civis
952 1623 1105 1652 Astcnsis.
1131 1623 1390 1654 ambassiatores.
1415 1624 1516 1653 nuntii
1542 1628 1573 1653 et
1596 1634 1710 1664 procu-

54 1676 176 1704 ratores
205 1674 399 1704 serenissimi
428 1673 547 1704 domini
572 1673 705 1704 Henrici
729 1673 949 1704 Romanorum
979 1675 1064 1715 regis
1097 1682 1129 1705 et
1153 1675 1356 1715 imperatoris
1384 1675 1412 1705 in
1445 1675 1589 1716 partibus
1613 1675 1711 1706 Lom-

54 1725 179 1765 bardie,
210 1726 241 1756 in
264 1727 426 1766 presentia
455 1726 571 1756 nobilis
600 1727 656 1756 viri
687 1725 807 1756 domini
830 1725 974 1756 Enselmi
1005 1727 1044 1757 (le
1069 1727 1260 1757 Andelaxiis
1290 1727 1329 1758 de
1354 1727 1516 1767 Pergamo
1542 1728 1711 1768 potestatis

55 1776 169 1808 Creme
198 1782 231 1808 ct
253 1779 355 1808 tocius
379 1779 456 1808 cleri
487 1782 517 1808 et
542 1778 650 1818 populi
675 1777 811 1818 predicti
836 1777 907 1808 locii
937 1778 978 1808 ad
1006 1779 1066 1809 hoc
1092 1790 1163 1809 cum
1189 1779 1369 1820 pulsatione
1394 1790 1550 1820 campane
1577 1783 1609 1810 et
1633 1790 1711 1809 voce

54 1830 200 1870 preconis
216 1834 472 1861 convocatorum.
499 1841 538 1860 cx
563 1833 654 1870 parte
679 1830 796 1870 prefati
814 1829 934 1860 domini
958 1831 1043 1871 regis
1069 1835 1100 1861 et
1124 1831 1327 1872 imperatoris
1345 1834 1581 1872 proposuerunt
1605 1831 1711 1861 omnia

12 1889 36 1909 ω
55 1884 87 1911 et
109 1881 233 1923 singula
256 1881 467 1923 infrascripta.
558 1882 619 1917 Qui
643 1882 731 1912 locus
756 1886 804 1912 est
828 1892 956 1912 camera
980 1882 1099 1913 domini
1125 1884 1337 1924 imperatoris.

201 1933 238 1963 In
260 1934 370 1974 primis
393 1935 621 1965 intimaverunt
638 1953 670 1956 —
686 1937 814 1965 tenetur
839 1935 867 1964 ei
892 1934 1031 1965 facere‘.

158 1986 275 2016 Actum
300 1986 331 2016 in
354 1986 474 2026 palatio
499 1985 625 2023 Cremei
650 1986 853 2026 presentibus
878 1986 1014 2016 testibus
1038 1986 1166 2017 domino
1192 1987 1368 2017 Iohannino
1394 1987 1555 2020 Benzono,
1581 1986 1710 2016 domino

52 2035 185 2077 Pagano
211 2036 367 2073 Gandino,
393 2037 487 2068 ambo
513 2037 553 2068 de
579 2037 663 2068 dicto
688 2037 769 2071 loco,
795 2037 924 2068 domino
949 2038 1218 2069 Iohannihenrico
1243 2038 1283 2069 de
1308 2038 1413 2069 Domo
1438 2038 1555 2079 milite,
1581 2038 1709 2069 domino

53 2087 221 2119 Fredelico
246 2089 286 2119 de
309 2089 401 2120 Reno
426 2090 527 2120 milite
552 2098 583 2121 et
607 2090 687 2120 aliis,

12 2146 36 2166 ³⁵
161 2140 280 2171 Postea
304 2151 379 2172 vero
404 2141 462 2172 sub
488 2142 603 2173 eodem
628 2153 725 2179 anno,
750 2142 904 2172 inditione
930 2146 962 2172 et
986 2142 1052 2180 die,
1082 2143 1285 2183 presentibus
1310 2143 1445 2173 testibus
1470 2143 1499 2172 in
1525 2142 1620 2173 domo
1646 2142 1709 2172 fra-

53 2193 135 2222 trum
158 2191 403 2224 Predicatorum
428 2193 619 2234 supradictis
649 2197 681 2224 et
710 2194 794 2226 aliis,
826 2204 923 2235 super
946 2195 1170 2235 petitionibus,
1200 2195 1461 2236 requisitionibus
1491 2198 1523 2225 et
1550 2194 1711 2235 preceptis

53 2241 144 2273 factis
174 2254 232 2284 per
254 2244 456 2275 venerabiles
480 2245 654 2286 principes,
685 2245 901 2276 consciliarios
934 2250 966 2276 et
989 2247 1193 2280 secretarios,
1224 2247 1375 2277 videlicet
1400 2246 1437 2277 G.
1458 2245 1710 2277 Constantiensis

55 2297 87 2324 et
111 2293 141 2324 S.
159 2293 320 2325 Curiensis
344 2295 551 2327 ecclesiarum
577 2298 756 2338 episcopos,
781 2301 945 2328 strenuum
970 2299 1070 2329 virum
1096 2299 1296 2339 Hugolinum
1321 2299 1360 2330 de
1377 2299 1493 2329 Vichio
1518 2298 1653 2328 militem
1679 2301 1710 2327 et

53 2343 228 2376 Henricum
258 2346 297 2377 de
321 2346 488 2388 Ralvcngo
518 2349 618 2378 civem
644 2350 831 2388 Astensem,
862 2349 982 2380 domini
1006 2350 1139 2381 Henrici
1163 2350 1225 2380 Dei
1249 2351 1353 2391 gratia
1377 2350 1596 2381 Romanorum
1625 2349 1710 2389 regis

11 2404 37 2424 ⁴⁰
55 2399 87 2427 et
110 2407 238 2438 semper
260 2399 397 2440 augusti,
423 2400 629 2440 sapientibus,
654 2401 804 2431 conscilio
830 2405 861 2432 et
885 2403 1011 2432 comuni
1038 2402 1165 2435 Creme,
1190 2402 1233 2432 sic
1258 2413 1316 2443 per
1340 2401 1502 2432 dominum
1520 2401 1709 2431 Ansehnum

55 2447 95 2478 de
118 2449 307 2480 Andelaxiis
338 2450 558 2482 honorabilem
590 2456 784 2492 potestatem
820 2454 963 2484 comunis
993 2454 1124 2492 Creme,
1161 2453 1271 2484 habita
1305 2453 1538 2484 deliberatione
1568 2452 1709 2483 conscilii

53 2501 213 2541 generalis
236 2502 335 2542 ipsius
359 2503 500 2533 comunis
524 2508 554 2533 et
579 2505 758 2545 sapientum
784 2505 927 2535 eiusdem
953 2516 1049 2545 super
1075 2505 1235 2546 predictis,
1261 2505 1470 2546 solempniter
1486 2504 1708 2545 respondetur.

55 2551 219 2583 videlicet:

205 2604 298 2638 Quod
323 2616 433 2636 omnes
451 2607 631 2646 petitiones,
656 2608 879 2648 requisitiones
905 2612 937 2638 ct
954 2612 1117 2649 precepta,
1144 2608 1245 2638 factas
1269 2612 1301 2639 et
1326 2608 1410 2638 facta
1435 2618 1492 2648 per
1509 2607 1709 2648 supradictos

9 2666 36 2685 45
98 2655 272 2696 principes7
301 2657 515 2688 consciliarios
545 2663 577 2689 et
600 2660 789 2690 secretarios
814 2659 950 2690 intendit
973 2659 1076 2690 dictus
1101 2659 1248 2690 (lominus
1271 2659 1441 2690 Eusclmus
1466 2662 1609 2700 potestas
1634 2658 1708 2688 dicti

99 2707 241 2737 comunis
259 2706 374 2739 Creme
395 2710 522 2740 nominc
548 2709 623 2740 dicti
640 2711 782 2741 comunis
806 2711 895 2740 iuxta
920 2711 987 2741 eius
1011 2722 1104 2751 posse
1123 2712 1250 2741 effectui
1269 2711 1475 2749 demandare,
1500 2710 1708 2752 protestando

160 2792 185 2823 1)
210 2792 321 2818 Textum
342 2802 362 2819 r.
382 2801 466 2826 supra
482 2803 542 2827 paq.
557 2798 604 2821 312
621 2795 669 2821 liu.
684 2798 787 2821 13—34.
