2044 3137
462 153 626 180 HEINRICI
647 153 706 180 Vll.
726 153 1049 180 CONSTITL'TIONES.
1088 155 1161 181 1:311.
1201 154 1247 180 ΧΓ.
1262 154 1389 181 521523
1685 159 1745 188 437

91 239 237 271 cellensi.
265 239 408 270 Henrico
434 240 585 280 episcopo
609 239 777 281 Regfino).
802 240 993 273 XValerano,
1023 240 1152 271 Andrca
1180 240 1220 271 de
1245 240 1402 275 Gai-retis,
1432 241 1575 272 Bcrardo
1599 242 1746 283 Layolio,

91 291 186 322 Salvo
217 291 383 321 Pelacano
418 299 449 321 et
479 291 623 331 pluribus
651 292 740 322 aliis³
774 292 910 323 testibus
942 296 1001 323 etc.
1048 292 1186 323 Discreti
1217 293 1275 322 viri
1306 292 1426 323 domini
1455 293 1682 324 Benevenutus
1707 293 1747 324 dc

92 341 296 382 Campix(iis)
322 350 354 373 et
377 342 507 373 Muscus
531 342 570 373 de
595 342 818 374 Guasconibus
842 343 950 384 legum
975 343 1182 384 professores
1207 343 1327 384 syndici
1352 348 1384 374 et
1408 348 1631 385 procuratores
1655 348 1747 386 pote-

91 394 190 431 statis,
215 393 531 425 eredendariorumb.
557 396 698 425 comunis
717 399 748 425 et
765 395 875 435 populi
893 395 1029 426 civitatis
1046 395 1159 436 Papie.
1183 395 1339 426 habentes
1364 406 1381 426 a
1407 395 1558 436 predictis
1576 400 1746 437 potestate,

60 459 71 477 ε,
91 445 264 478 credentia.
290 445 416 476 comuni
442 450 474 476 et
498 445 617 486 populo
642 446 782 486 speciale
806 446 992 478 mandatum
1017 447 1058 477 ad
1082 447 1283 488 infrascripta
1308 448 1412 478 omnia
1438 452 1470 478 et
1494 448 1627 488 singula.
1654 454 1747 489 prout

89 501 214 528 constat
237 507 296 538 per
313 496 477 537 quoddam
502 497 664 537 publicum
690 499 934 528 instrumentum
957 508 1053 528 manu
1070 498 1206 529 Lucheti
1231 498 1270 529 de
1289 498 1465 530 Turricella
1490 499 1608 540 publici
1632 500 1747 531 notarii

89 548 271 580 confectum
286 549 307 580 ¹.
332 549 362 578 in
381 549 541 588 presentia
560 549 755 580 serenissimi
772 549 891 580 domini
908 549 1068 590 Htenrici)
1086 549 1147 581 Dei
1165 551 1265 591 gratia
1284 550 1501 581 Romanorum
1520 552 1603 592 regis
1619 561 1748 592 semper

88 600 215 641 augusti
231 600 405 635 constituti,
430 599 600 630 sindicario
626 605 657 631 et
675 602 894 641 procuratorio
920 601 1047 632 nomine
1072 601 1187 643 quibus
1211 612 1315 642 supra.
1341 606 1606 643 presentaverunt
1634 608 1666 634 et
1690 603 1746 633 ob-

89 651 230 683 tulerunt
254 651 361 682 eidem
386 650 516 682 domino
541 652 627 692 regie
645 652 807 683 civitatem
825 652 927 693 Papie
952 657 984 683 et
1009 654 1076 683 eius
1093 653 1271 684 districtum
1297 664 1367 684 cum
1391 654 1537 684 omnibus
1561 658 1593 685 et
1617 655 1747 695 singulis

47 716 72 736 10
89 703 316 745 pertin(entiis)
342 703 383 734 ad
408 703 570 734 civitatem
596 703 774 744 predictam
799 714 922 735 necnon
947 704 1092 736 homines
1116 709 1148 736 ct
1171 715 1324 746 personas
1340 705 1523 736 habitantes
1548 707 1577 736 in
1602 706 1746 747 predicta

90 756 219 787 civitate
245 758 277 786 et
301 755 370 786 eius
394 754 540 785 districtu
564 759 728 796 tamquam
753 766 864 786 eorum
889 756 1018 787 domino
1043 757 1147 792 unico,
1179 757 1237 787 soli
1262 761 1294 788 et
1318 758 1480 798 precipuo.
1527 757 1568 788 Et
1592 768 1746 799 recogno-

88 810 202 838 verunt
230 810 263 837 et
286 806 425 837 confessi
454 810 541 837 sunt.
573 806 636 837 iam
661 806 779 838 dictam
804 808 966 838 civitatem
995 818 1066 838 cum
1091 809 1295 848 pertinenciis
1325 809 1389 839 suis
1412 809 1565 839 universis
1589 820 1650 840 una
1675 820 1746 840 cum

89 858 236 890 omnibus
261 857 483 889 habitantibus
512 858 544 888 in
569 858 654 889 dicta
683 859 812 889 civitate
842 863 874 890 et
902 860 932 889 in
961 860 1029 890 eius
1053 859 1198 890 districtu
1228 870 1297 890 esse
1327 864 1359 891 et
1388 870 1457 891 esse
1483 861 1602 892 debere
1627 861 1747 892 domini

88 911 174 952 regis
205 911 353 952 superius
381 910 549 941 memorati
579 909 746 951 dictosque
771 910 917 941 homines
941 911 1078 941 civitatis
1103 911 1246 952 predicte
1278 922 1347 942 essc
1376 912 1406 942 in
1431 913 1568 952 presenti
1595 920 1626 943 et
1650 913 1746 944 fuisse

46 975 69 994 15
89 962 355 1004 predecessorum
385 973 512 993 suorum
545 963 576 993 in
605 963 739 1004 imperio
769 963 882 994 fideles
910 963 1055 994 homines
1085 968 1117 994 et
1140 963 1285 994 subditos
1315 968 1347 995 et
1370 974 1440 995 esse
1465 965 1546 995 velle
1573 966 1692 1006 pariter
1715 971 1747 996 et

89 1013 220 1045 debere.
265 1014 307 1045 Et
331 1019 558 1045 concesserunt
582 1013 683 1045 libere
710 1020 741 1046 et
765 1015 912 1046 absolute
937 1015 1022 1046 dicto
1048 1015 1176 1046 domino
1201 1016 1280 1056 regi,
1305 1016 1390 1056 quod
1415 1017 1513 1056 possit
1537 1016 1576 1047 de
1602 1017 1747 1048 omnibus

88 1066 255 1098 discordiis
279 1071 312 1097 et
336 1067 576 1105 controversiis,
600 1066 723 1097 littibus
747 1070 779 1097 et
804 1067 952 1107 querelis.
977 1077 1039 1108 que
1064 1070 1229 1098 vertuntur
1253 1067 1349 1098 hodie
1374 1071 1406 1098 et
1430 1078 1491 1109 que
1516 1078 1606 1099 verse
1631 1069 1748 1099 fuerint

88 1119 287 1160 temporibus
303 1119 467 1160 preteritis
490 1128 591 1159 usque
616 1118 657 1149 ad
675 1118 760 1149 diem
777 1118 966 1150 hodiernam
991 1119 1030 1150 de
1047 1129 1166 1160 genere
1191 1119 1233 1150 ad
1249 1129 1359 1160 genus,
1385 1119 1424 1150 de
1443 1119 1531 1160 prole
1556 1119 1596 1150 ad
1613 1120 1746 1160 prolem.

89 1170 129 1201 de
146 1175 238 1212 parte
262 1170 304 1201 ad
320 1174 448 1212 partem
472 1170 503 1201 in
528 1171 657 1201 ciw'tate
674 1170 778 1211 Papie
803 1174 836 1201 et
860 1171 928 1202 eius
945 1170 1100 1204 districtu.
1126 1170 1297 1212 disponere
1322 1176 1353 1202 et
1371 1171 1529 1203 ordinare.
1553 1182 1746 1213 componere

46 1233 71 1254 20
90 1225 123 1253 et
145 1222 294 1253 arbitrari
318 1222 360 1253 ad
383 1232 473 1253 suam
491 1221 708 1253 omnimodam
725 1221 923 1253 voluntatem
949 1226 980 1254 et
1004 1226 1098 1264 prout
1119 1223 1300 1254 celsitudini
1324 1223 1442 1264 regalis
1466 1223 1610 1254 culminis
1628 1223 1746 1254 facien-

89 1273 192 1314 d(um)
217 1274 372 1315 expedire
397 1273 560 1304 videbitur
589 1285 644 1315 pro
673 1273 757 1304 bono
786 1278 871 1305 statu
900 1277 984 1305 terre
1016 1278 1048 1305 et
1072 1276 1182 1316 requie
1213 1285 1341 1306 suorum
1365 1275 1581 1316 predictorum
1606 1275 1747 1306 fidelium

87 1325 298 1358 subditorum.
343 1325 385 1357 Et
408 1326 623 1356 iuramentum
648 1325 812 1356 fidelitatis
836 1326 1045 1366 prestiterunt
1068 1332 1102 1357 ut
1126 1337 1232 1368 supra.

195 1412 242 1453 (2)
267 1411 348 1443 Cum
373 1415 482 1443 autem
507 1412 537 1443 in
554 1412 766 1443 instrumento
791 1411 936 1453 predicto
962 1412 1145 1453 syndicatus
1162 1413 1379 1454 predictorum
1396 1412 1588 1444 sindicorum
1606 1413 1748 1443 contine-

90 1464 184 1496 batur
206 1465 290 1495 inter
314 1464 388 1502 alia,
414 1464 500 1505 quod
518 1464 594 1495 dicti
612 1463 734 1505 syndici
751 1468 842 1495 erant
859 1465 1021 1495 constituti
1046 1464 1088 1495 ad
1105 1465 1333 1505 confitendum,
1357 1475 1492 1496 comune
1517 1465 1652 1496 civitatis
1677 1475 1749 1505 pre—

47 1533 71 1553 «ὦ
91 1516 175 1548 dicte
199 1520 272 1558 post
293 1517 397 1557 ipsum
420 1516 584 1547 dominum
608 1526 720 1557 regem
743 1519 775 1547 et
798 1516 839 1547 ab
856 1517 925 1557 ipso
944 1520 975 1547 et
992 1516 1033 1547 ab
1051 1517 1119 1548 eius
1136 1517 1420 1558 predecessoribus
1443 1516 1603 1549 habuisse.
1628 1516 1747 1547 habere

93 1572 125 1600 et
145 1568 267 1600 habere
293 1568 414 1600 debere
438 1579 562 1599 merum
586 1572 618 1600 et
642 1569 777 1599 mixtum
794 1569 964 1610 imperium
991 1572 1023 1600 et
1047 1568 1263 1600 omnimodam
1289 1568 1539 1599 iurisdictionem
1564 1569 1594 1598 in
1619 1568 1747 1598 civitate

87 1620 190 1662 Papie
217 1624 249 1652 et
272 1621 303 1652 in
321 1621 389 1652 eius
406 1620 551 1651 districtu
576 1624 607 1651 et
631 1621 679 1651 ius
696 1620 882 1651 instituendi
907 1624 940 1651 et
957 1620 1152 1651 destituendi
1177 1624 1318 1651 rectores
1343 1626 1375 1651 et
1391 1624 1577 1661 potestates,
1603 1619 1748 1650 consules

88 1675 121 1703 et
136 1673 342 1714 magistratus
367 1675 399 1703 et
416 1671 571 1703 officiales
587 1672 667 1702 alios
691 1672 723 1702 in
739 1672 823 1702 dicta
842 1672 970 1703 civitate
996 1675 1027 1702 et
1051 1671 1196 1702 districtu
1221 1672 1386 1703 eiusdem2
1411 1676 1461 1702 et³
1478 1671 1613 1712 predicti
1637 1671 1747 1701 sindici

87 1723 148 1754 hoc
172 1728 364 1762 assererent,
390 1723 493 1755 dictus
518 1723 665 1755 dominus
690 1734 746 1754 rex
772 1723 852 1754 dixit
877 1728 909 1754 et
926 1727 1122 1764 protestatus
1147 1723 1206 1754 fuir
1230 1724 1360 1755 ibidem.
1386 1723 1471 1764 quod
1496 1724 1563 1764 ipse
1585 1722 1749 1753 nesciebat

45 1792 71 1811 30
89 1785 147 1806 nec
165 1775 320 1806 credebat
335 1786 394 1806 nec
412 1775 621 1807 concedebat.
641 1775 784 1817 predicta
803 1786 877 1807 vera
897 1786 977 1806 esse.
1014 1775 1155 1806 Volebat
1176 1782 1294 1807 tamen.
1320 1776 1405 1817 quod
1429 1775 1515 1806 salva
1541 1782 1648 1805 essent
1665 1774 1748 1805 dicte

89 1827 210 1858 civitati
237 1838 333 1868 super
356 1828 520 1869 premissis
545 1827 809 1869 predecessorum
841 1839 969 1859 suorum
994 1828 1177 1869 privilegia.
1211 1829 1235 1858 si
1265 1839 1326 1869 qua
1355 1827 1511 1858 haberent
1541 1827 1683 1867 legitima
1717 1830 1748 1857 ct

89 1878 244 1910 efficacia.

419 2016 497 2049 528.
522 2017 822 2050 SYNDICATL'S
843 2016 1174 2048 EXTRJNSECOR
1182 2016 1257 2048 ΓΜ.
1305 2016 1377 2047 Ian.
1395 2017 1423 2047 9.

202 2087 283 2118 Item
307 2097 344 2118 ca:
368 2086 390 2118 J
415 2087 468 2125 fol.
486 2088 536 2124 23,
561 2087 616 2118 ubi
639 2087 783 2118 rubrum:
810 2087 1002 2129 Syndicatus
1027 2087 1280 2118 extrinsecorum
1306 2085 1345 2117 de
1363 2085 1476 2126 Papia.
1515 2084 1627 2115 Edidit
1644 2084 1747 2115 Dafn-

48 2157 72 2177 35
91 2139 177 2178 niqes
199 2138 218 2170 l.
237 2149 262 2170 c.
286 2139 314 2176 1,
330 2139 372 2170 28
399 2149 448 2170 ην.
466 2141 517 2170 41.
568 2138 616 2176 Cf.
641 2139 819 2179 Itomaglium
844 2140 1087 2170 catrinsecormn
1114 2138 1132 2169 l.
1151 2150 1174 2169 c.
1199 2138 1227 2169 I.
1244 2139 1285 2167 ΞΩ
1308 2148 1357 2168 ην.
1375 2139 1429 2173 42,
1459 2136 1544 2176 quod
1567 2136 1616 2166 Ῑιίιτ
1633 2146 1748 2174 μιηνῑτ

91 2191 333 2230 supersedimus.
1453 2188 1506 2228 (P.
1532 2188 1639 2219 deest.)

198 2286 307 2318 Anno.
342 2285 394 2317 die
423 2289 455 2316 et
485 2286 556 2316 loco
581 2285 700 2327 quibus
725 2297 837 2327 supra.
874 2285 1076 2327 presentibus
1107 2285 1242 2316 dominis
1273 2284 1380 2314 Lconc
1413 2283 1563 2323 episcopo
1595 2282 1746 2313 (froniano.

93 2336 251 2378 Guydone
282 2337 435 2378 episcopo
465 2338 608 2370 Astensi.
640 2338 817 2369 Lanceloto
848 2337 1048 2368 vicedomino
1086 2337 1125 2367 de
1158 2336 1266 2367 Cumis
1303 2340 1334 2366 ct
1370 2334 1476 2365 Salvio
1513 2334 1552 2364 dc
1586 2334 1746 2364 Pclacano

94 2388 266 2430 t(estibus).
305 2389 440 2420 Nobiles
464 2389 523 2420 viri
547 2388 667 2420 domini
684 2390 882 2421 Manifredus
906 2389 946 2420 de
972 2390 1105 2420 Becaria
1130 2389 1298 2419 anczianus
1324 2388 1421 2428 partis
1447 2387 1624 2417 extrinsece
1651 2385 1745 2425 Papi-

49 2456 75 2475 40
94 2442 191 2481 ensis,
223 2440 382 2472 Castellus
413 2440 453 2472 de
479 2440 599 2474 Strata.
627 2441 819 2483 Bergundus
849 2441 889 2472 de
915 2441 1031 2472 Sancto
1056 2441 1207 2471 Nazario.
1233 2438 1371 2470 Gircllus
1396 2438 1435 2468 dc
1461 2437 1576 2467 Sancto
1602 2436 1746 2467 Nazario.

94 2491 258 2523 W'alterus
283 2492 322 2523 de
341 2492 449 2531 Curte,
471 2492 612 2523 Thomas
637 2503 744 2524 comes
769 2493 809 2524 de
826 2494 1006 2534 Langusco.
1033 2493 1168 2522 Ianonus
1193 2501 1300 2521 comcs
1325 2489 1364 2520 de
1383 2488 1576 2520 (iamin-ana.
1602 2487 1747 2518 Rustinus

95 2543 135 2574 de
152 2543 317 2584 Beccaria,
341 2543 500 2575 Henricus
517 2543 686 2585 Georgius,
711 2545 907 2586 Hugozanus
933 2544 972 2575 de
990 2543 1149 2575 Rodcbio.
1174 2542 1372 2573 Ilumbertus
1397 2541 1435 2571 de
1455 2539 1587 2580 Coquio.
1612 2539 1747 2569 Iacobus

96 2595 135 2626 de
161 2595 273 2635 Curte⁷
306 2596 486 2626 Iustamaus
518 2595 558 2626 de
584 2595 695 2627 Curte.
726 2596 898 2627 Iohaninus
929 2596 968 2626 dc
993 2596 1141 2627 Bccaria.
1173 2594 1369 2625 Philibertus
1405 2592 1532 2624 Portus.
1564 2591 1748 2622 Resonacus

199 2697 264 2724 527·
285 2699 307 2730 ³)
327 2700 438 2731 Sequitur
457 2704 503 2724 etc.
524 2699 630 2724 deletum
652 2699 676 2723 J.
766 2699 788 2730 ¹¹)
809 2709 888 2731 supra
910 2701 1000 2724 lineam
1022 2699 1082 2723 odd.
1102 2699 1126 2722 J.
1217 2702 1238 2727 ‘J
1258 2698 1426 2729 eidem—regi
1447 2705 1526 2728 stipi-e
1548 2696 1637 2720 lmeam
1659 2696 1683 2719 ,1.

54 2795 78 2814 ⁴⁵
204 2784 227 2814 13·
248 2783 335 2817 Supra
357 2792 397 2810 vr.
414 2787 467 2810 526.
564 2784 590 2816 Q)
610 2783 699 2817 Supra
716 2793 778 2818 paq.
799 2788 846 2811 485
864 2785 910 2810 lin.
925 2788 957 2809 ,ἓν
970 2792 1022 2816 sqq.
