2044 3137
27 735 51 754 10

26 995 49 1014 15

25 1512 49 1532 2³

25 2029 48 2048 ³5

24 2288 49 2307 40

25 2546 50 2564 45

27 2807 52 2825 50

476 177 640 204 HEINRICI
662 179 721 205 vll.
741 180 1064 208 ‹‘·ONSTIT[?T10NES.
1104 183 1176 210 1:310.
1194 163 1201 168 ⁸
1216 184 1333 209 N1·.435.
1663 188 1722 216 :HT

71 261 190 292 tudinis
215 264 247 292 et
271 261 411 301 decoris.
436 274 531 304 quem
557 265 685 296 celestis
710 267 851 307 agricole
880 278 1003 298 sumnia
1034 268 1214 309 benignitas
1239 269 1278 300 de
1303 270 1410 300 radice
1436 272 1577 301 caritatis
1603 272 1723 303 eduxit.

71 312 113 343 Et
136 312 195 343 hec
220 316 269 344 est
292 313 422 353 fructus,
448 314 487 344 de
513 326 575 356 quo
601 317 743 356 gentium
769 317 880 348 doctor
904 319 1068 358 apostolus
1092 326 1123 349 et
1148 321 1330 360 predicatm·
1352 323 1501 362 egregius
1525 323 1669 353 veritatis
1693 324 1723 353 in

72 375 162 396 sacro
187 375 242 396 sue
267 365 470 396 salutationis
495 367 640 408 eloquio.
673 369 757 409 quod
789 369 828 399 de
855 371 1046 401 conscientia
1073 373 1157 412 regis
1182 372 1351 403 emittebat
1375 374 1512 404 excelsi.
1538 379 1723 405 cunctorum

71 416 158 447 refici
182 416 279 447 corda
303 416 447 447 fidelium
472 428 543 448 cum
568 430 691 449 summo
718 420 877 451 desiderio
903 422 1062 462 cupiebat.
1111 422 1176 453 Nos
1206 424 1289 453 enim
1318 425 1416 464 ipsius
1447 425 1589 455 instructi
1616 426 1722 456 erudi-

71 468 157 498 tione
191 468 332 499 doctoris
361 468 543 500 huiusmodi
574 470 711 501 fructum
741 472 771 501 in
805 471 882 501 orbe
915 478 1071 503 terrarum
1101 485 1196 514 super
1225 476 1329 505 onmia
1355 477 1499 516 cupimus
1525 476 1722 516 habundare,

70 523 203 560 propter
231 520 317 560 quod
345 520 485 551 libenter
513 521 617 551 studia
648 523 763 552 mentis
788 527 894 553 nostre
921 525 1150 556 convertimus.
1184 533 1216 555 ut
1240 526 1360 556 fructus
1392 528 1458 567 ipse
1485 528 1512 557 in
1540 529 1723 567 regionibns·

71 575 103 602 et
127 572 220 602 terris
243 581 343 612 regno
360 571 581 603 Romanorum
606 574 758 604 subiectis
783 578 815 604 et
838 575 908 605 aliis
928 576 1072 615 partibus
1097 577 1192 608 orbis.
1219 578 1246 606 in
1273 578 1386 617 quibus
1411 578 1513 608 cultus¹
1539 580 1624 617 viget
1648 580 1721 610 fidei

71 623 252 661 christiane,
275 623 507 664 multiplicetur
530 624 571 654 ad
596 625 693 655 divini
717 627 852 656 nominis
877 627 1011 667 gloriam
1037 635 1069 657 et
1093 627 1257 658 honorem.

178 675 224 714 (2)
249 674 379 706 Dudum
403 675 562 716 siquidem
588 677 769 707 carissimus
794 678 823 707 in
849 677 974 708 Christo
999 679 1081 709 filius
1105 688 1214 709 noster
1237 680 1396 710 Henrieus
1423 692 1477 711 rex
1504 682 1721 713 Romanorum

70 726 200 757 illustris
234 737 292 767 per
322 727 472 757 solennes
502 729 633 758 nuncios
669 728 708 758 ad
740 729 798 759 hoc
829 729 990 759 sufficiens
1021 730 1205 761 mandatum
1236 731 1408 765 habentes.
1438 744 1516 773 quos
1546 733 1587 764 ad
1612 734 1721 764 sedem

69 777 280 818 apostolicam
313 777 502 818 destinavit,
538 779 630 809 nobis
664 780 868 820 presentibus
902 780 1053 811 fratribus
1083 783 1197 812 nostris
1226 783 1256 812 in
1286 783 1413 822 publico
1439 789 1471 814 et
1501 784 1620 814 solenni
1647 797 1721 815 eon-

69 830 204 866 sistorio,
230 833 355 860 astante
379 829 523 861 fidelium
548 831 751 862 multitudine
777 833 917 872 copiosa.
943 832 1132 863 electionem
1152 834 1333 864 unanimem
1360 835 1398 865 de
1425 846 1559 875 persona
1585 847 1639 866 sua
1666 848 1722 877 per

70 881 272 912 venerabiles
297 881 411 913 fratres
434 889 561 912 nostros
578 882 839 924 archiepiscopos
864 888 896 914 ct
920 883 1053 914 dilectos
1077 885 1158 915 filios
1182 885 1306 916 nobiles
1323 886 1405 916 viros
1424 888 1513 926 regni
1529 888 1721 919 Alanianuic

69 933 228 973 principes
252 933 282 963 in
309 933 467 964 electione
491 933 712 965 Romanorum
737 935 822 975 regis
846 945 956 965 vocem
983 934 1140 965 habentes
1165 936 1361 966 celelnatam
1386 937 1481 967 fuisse
1511 939 1720 973 concorditer,

70 988 102 1015 et
126 985 223 1015 etiam
247 985 307 1025 ipsi
332 985 567 1026 archiepiscopi
600 993 631 1016 et
662 986 823 1026 principes
847 997 905 1027 per
930 987 1059 1017 licteras
1083 998 1155 1017 suas
1187 987 1350 1019 decretum
1376 999 1432 1019 sue
1458 989 1622 1020 electionis
1647 1003 1721 1022 con-

68 1037 206 1067 tinentes
241 1036 416 1067 solenniter
449 1047 520 1068 cum
551 1036 731 1067 humilitate
762 1037 872 1068 debita
905 1038 1103 1069 intimarunt.
1133 1042 1281 1079 petentes
1311 1040 1464 1070 instanter
1492 1051 1509 1070 a
1542 1041 1633 1071 nobis
1666 1054 1723 1082 pei·

64 1088 194 1119 nuntios
215 1092 427 1127 memoratos,
453 1088 646 1119 electionem
675 1099 733 1129 per
757 1100 814 1119 nos
839 1089 1012 1130 approbari
1035 1089 1214 1130 predictam
1240 1090 1363 1131 sibique
1390 1092 1510 1132 regiain
1536 1092 1722 1124 denomina-

67 1140 187 1170 tionem
211 1139 328 1170 ascribi
353 1143 385 1170 et
409 1139 450 1170 ad
474 1144 616 1170 nostram
634 1140 785 1171 veniendi
809 1141 1003 1181 presentiam
1022 1142 1214 1173 unctionem.
1233 1143 1504 1173 consecrationem
1524 1151 1555 1174 et
1573 1155 1721 1175 coronam

65 1191 192 1232 imperii
216 1191 256 1222 de
279 1192 396 1222 nostris
420 1191 568 1222 manibus
592 1196 763 1233 recepturo
790 1193 959 1223 terminum
985 1194 1149 1233 assignari.
1197 1193 1264 1223 Nos
1288 1204 1362 1224 vero
1389 1204 1459 1224 cum
1478 1195 1599 1226 eisdem
1617 1196 1721 1226 fratri-

67 1242 128 1273 bus
152 1242 386 1274 deliberatione
417 1243 589 1284 prehabita
614 1243 776 1284 diligenti.
803 1248 896 1284 prout
920 1245 999 1274 tanti
1025 1245 1144 1285 negotii
1169 1246 1309 1285 gravitas
1339 1246 1507 1285 exigebat.
1537 1258 1573 1277 ac
1599 1255 1722 1278 matura

69 1298 101 1326 et
133 1295 271 1326 sollicita
295 1295 531 1326 deliberatione
562 1295 726 1328 discussis.
764 1306 825 1337 que
862 1296 892 1326 in
928 1296 1110 1326 huiusmodi
1144 1298 1275 1336 negotio
1305 1298 1485 1337 putavimus
1517 1299 1722 1336 attendenda,

68 1346 261 1378 electionem
291 1346 428 1378 eandem
458 1346 608 1377 duximus
637 1346 896 1387 approbandam.
927 1347 987 1377 sibi
1013 1347 1306 1378 denominationem
1337 1348 1517 1379 huiusmodi
1546 1349 1723 1381 liberaliter

67 1399 276 1439 ascribentes,
300 1399 470 1439 ipsumque
495 1409 606 1440 regem
630 1398 850 1429 Romanorum
876 1399 1108 1439 reputavimus,
1134 1400 1379 1430 nominavimus.
1405 1400 1666 1432 denunciavimus
1692 1411 1723 1432 ct

69 1450 303 1482 declaravimus
331 1450 371 1481 de
400 1450 534 1481 fratrum
560 1450 778 1491 predictorum
804 1450 952 1489 consilio,
977 1451 1097 1480 iustitia
1128 1452 1289 1490 exigente.
1337 1451 1565 1491 Approbantcs
1589 1453 1722 1483 nichilo-

67 1503 171 1534 minus
201 1505 234 1534 et
267 1503 365 1534 etiam
399 1502 602 1533 declarantes
631 1513 667 1533 ac
700 1503 948 1543 pronunciantes
977 1502 1189 1532 sufficientem
1223 1508 1254 1532 et
1284 1502 1425 1533 habilem
1454 1503 1557 1543 ipsum
1585 1505 1652 1534 fore
1681 1505 1723 1535 ad

66 1554 243 1595 imperialis
271 1554 469 1585 celsitudinis
498 1554 704 1593 dignitatem.
741 1563 771 1585 et
806 1555 1004 1584 unctionem.
1041 1555 1314 1584 consecrationem
1345 1558 1376 1584 et
1405 1554 1541 1584 Romani
1572 1566 1722 1586 eoronam

66 1607 193 1648 imperii
222 1617 282 1648 per
310 1610 436 1637 nostras
467 1606 586 1637 debere
616 1606 750 1637 concedi
786 1617 900 1636 manus
928 1606 1034 1636 eidem
1072 1606 1142 1635 loco
1179 1614 1210 1635 et
1240 1614 1383 1646 tempore
1413 1607 1593 1646 oportunis.
1625 1613 1657 1637 ct
1681 1607 1723 1638 ad

66 1659 259 1692 unctionem.
285 1659 560 1689 consecrationem
587 1662 618 1688 ct
642 1659 885 1688 coronationem
910 1657 1090 1687 huiusmodi
1117 1659 1145 1687 in
1173 1657 1303 1687 basilica
1330 1658 1479 1698 principis
1504 1659 1721 1697 apostolorum

67 1709 107 1740 de
131 1709 219 1740 Urbe
243 1710 447 1752 recipiendas
472 1710 512 1740 de
536 1710 684 1740 manibus
708 1710 832 1740 nostris.
859 1709 965 1739 divina
990 1710 1118 1739 favente
1141 1708 1321 1738 clementia.
1347 1716 1467 1739 eertum
1487 1710 1655 1740 terminum
1681 1710 1720 1740 dc

67 1761 208 1802 ipsorum
238 1761 373 1792 fratrum
399 1762 530 1792 consilio
562 1772 620 1802 per
643 1761 722 1791 alias
753 1766 878 1791 nostras
908 1761 1036 1791 licteras
1061 1761 1261 1790 continentes
1287 1761 1439 1800 premissa
1467 1761 1571 1790 omnia
1604 1761 1719 1791 libera-

66 1812 140 1844 liter
166 1813 392 1855 prefigentes¹.
512 1814 559 1853 (3)
591 1813 703 1854 Nuper
727 1817 834 1843 autem
860 1823 917 1843 rex
943 1812 1106 1852 predictus
1130 1811 1222 1841 nobis
1248 1822 1304 1852 per
1334 1811 1468 1841 dilectos
1492 1812 1573 1842 tilios
1598 1812 1721 1843 nobiles

70 1865 154 1895 viros
177 1865 359 1897 Amedeum
385 1865 549 1896 Sabaudie.
575 1870 607 1896 et
631 1865 813 1895 Guidonem
840 1865 878 1895 de
904 1864 1054 1894 Flandria
1081 1864 1234 1895 Zelandie
1265 1864 1396 1894 comites
1425 1874 1460 1893 ae
1487 1863 1655 1894 Oddonein
1681 1865 1721 1894 de

68 1916 297 1957 Grandissono,
322 1928 396 1948 suos
419 1918 552 1947 nuncios
577 1917 745 1958 speciales,
763 1917 959 1957 apostolatui
983 1922 1091 1946 nostro
1117 1916 1296 1956 significare
1321 1915 1453 1946 curavit.
1479 1915 1562 1955 quod
1587 1915 1722 1945 subditis

67 1969 131 1998 suis
153 1969 237 1999 intra
260 1968 481 1999 Romanorum
506 1979 641 2009 regnum
665 1970 695 1998 in
721 1968 866 2009 partibus
892 1967 1088 1998 Lonibardie
1114 1972 1145 1997 et
1170 1967 1286 1997 Tuscie
1312 1967 1501 1996 constitutis.
1526 1967 1578 2006 qui
1604 1967 1720 1996 nedum

68 2019 212 2050 civilibus
235 2020 339 2059 bellis,
364 2024 413 2050 set
437 2021 535 2050 etiam
561 2020 748 2051 extrinsecis
773 2019 910 2049 dissidiis
936 2020 1076 2060 pcccatis
1101 2018 1305 2058 exigentibus
1331 2017 1549 2057 multiplieiter
1566 2018 1720 2047 collidun-

67 2075 131 2111 tur,
159 2082 273 2112 pacem
303 2072 397 2102 dare.
433 2083 490 2113 pro
526 2072 602 2112 ipsis
632 2072 896 2112 tranupiillitatem
931 2071 1100 2111 exquirere
1132 2076 1163 2100 et
1196 2070 1236 2100 ad
1267 2069 1503 2099 reformandum
1531 2070 1612 2099 inter
1637 2070 1721 2109 ipsos

67 2123 270 2154 concordiam
295 2123 448 2154 ardenter
463 2125 616 2164 aspirans.
635 2134 714 2164 pura,
733 2124 909 2153 intentione
929 2123 1103 2154 desiderat.
1122 2121 1344 2152 inobedientes
1363 2122 1502 2161 singulos
1528 2130 1558 2150 er
1584 2121 1721 2151 rebelles

67 2174 213 2206 Romane
239 2176 375 2206 ecclesie
400 2176 510 2206 matris
535 2187 605 2206 sue.
631 2179 665 2205 ut
693 2175 732 2206 ab
759 2176 833 2216 ipsis
864 2175 891 2205 ci
923 2186 993 2205 eum
1018 2173 1201 2204 humilitate
1231 2181 1262 2203 et
1289 2173 1466 2203 revel-(ntia
1493 2172 1601 2201 debita
1628 2180 1722 2212 prout

68 2227 215 2258 convenit
248 2231 417 2268 pareatur,
447 2238 504 2268 pro
530 2228 598 2257 eius
626 2227 747 2257 honore
781 2228 878 2267 ipsius
904 2227 1040 2257 ecclesie
1073 2237 1128 2266 pro
1159 2226 1278 2256 viribus
1308 2225 1479 2261 subiugat-e
1515 2224 1653 2254 dominio
1689 2232 1719 2252 et

69 2279 276 2309 ecclesiarum
301 2279 367 2309 iura
394 2283 426 2309 et
450 2278 533 2309 bona
555 2278 724 2319 deperdita
750 2283 782 2309 et
806 2289 863 2319 per
880 2278 1058 2308 nonnnlhis.
1085 2279 1138 2317 qni
1163 2277 1348 2315 a-hniantnr.
1374 2286 1442 2305 euin
1469 2275 1551 2304 male
1578 2275 1718 2305 fecerint.

67 2329 96 2359 in
131 2329 264 2361 diversis
299 2330 443 2361 eiusdem
479 2331 568 2371 regni
605 2330 749 2370 partibus
782 2333 939 2370 occupatav
978 2330 1006 2360 in
1041 2340 1134 2359 nianu
1176 2329 1297 2368 potenti
1336 2337 1525 2366 reeupffluw·
1560 2327 1716 2365 proponit.

66 2380 204 2422 Propter
235 2382 321 2422 quod
353 2387 384 2412 et
412 2382 491 2412 alias
515 2383 614 2412 iustas
639 2386 671 2412 ct
694 2381 902 2412 rationabiles
928 2392 1055 2411 causas.
1087 2391 1149 2420 que
1182 2379 1220 2409 ad
1248 2379 1306 2408 hoe
1336 2389 1391 2407 sue
1420 2378 1535 2407 mentis
1561 2377 1717 2406 fervorem

66 2431 230 2473 inducunt,
246 2433 406 2474 prefatum
427 2434 596 2464 terminum
615 2433 656 2464 ad
674 2433 894 2474 recipiendum
913 2434 1106 2463 unctionem.
1125 2431 1398 2461 consecrationeni
1424 2438 1455 2457 et
1480 2432 1716 2457 coronationem

67 2483 228 2524 predictas
259 2485 288 2515 ei
317 2495 374 2525 per
402 2496 459 2514 nos
488 2488 521 2515 ut
545 2486 746 2525 premictitur
770 2485 966 2525 assignatum
1000 2484 1176 2522 anticipare
1209 2481 1362 2520 disponit.
1393 2484 1424 2509 uf
1455 2489 1628 2518 spei-ainus.
1662 2489 1718 2517 lm*

67 2536 207 2566 utilitate
238 2537 408 2573 communi,
438 2535 480 2566 ad
503 2536 639 2576 predicti
664 2537 752 2577 regni
778 2536 996 2566 Romanorum
1031 2543 1137 2574 partes
1163 2540 1310 2572 potenter
1335 2535 1366 2560 et
1392 2530 1601 2570 personaliter
1625 2539 1716 2558 accc-

69 2586 189 2627 dendo,
214 2591 249 2618 ut
272 2597 330 2628 per
353 2587 520 2628 providam
546 2590 578 2618 ct
602 2587 780 2618 consultam
807 2587 1069 2627 anticipationem
1097 2583 1294 2614 lniiusinodi.
1327 2582 1379 2611 illo
1412 2582 1463 2621 qni
1494 2590 1605 2620 aspera
1632 2580 1718 2608 nox-it

69 2637 100 2668 in
123 2639 190 2669 vias
206 2639 318 2679 planas
336 2640 544 2669 convertere²
562 2639 712 2675 faciente¹
738 2639 876 2679 placatio
895 2639 1057 2667 fluctuum.
1084 2635 1239 2665 lwlloruin
1267 2641 1295 2663 et
1319 2632 1518 2662 dissidiorum
1538 2630 1717 2660 huiusmodi

69 2699 105 2719 ac
129 2690 331 2731 recuperatio
361 2689 517 2720 bonorum
548 2694 579 2720 et
612 2690 726 2720 iurium
758 2690 975 2730 predictorum
1010 2697 1038 2717 et
1065 2686 1242 2717 humiliatio
1269 2684 1435 2714 rebellium
1462 2681 1635 2711 eorundem
1660 2691 1715 2709 ¹sue

69 2740 191 2772 virtutis
214 2741 390 2772 ministerio
416 2740 578 2771 fructuoso
604 2740 738 2771 celerius
757 2742 863 2771 valeat
888 2740 1086 2780 provenire-³.
1124 2737 1272 2767 Profecto
1291 2735 1417 2765 celestis
1435 2733 1570 2763 altitudo
1596 2732 1715 2761 eonsilii

172 2801 196 2833 1)
216 2800 305 2833 Supra
326 2809 365 2826 nr.
380 2804 435 2827 2⁹5.
455 2804 511 2826 299,
601 2801 627 2826 2)
649 2801 683 2826 Is.
703 2806 743 2827 4¹1.
757 2805 780 2826 4.
819 2800 883 2825 Luc.
904 2804 927 2825 3.
946 2804 966 2824 ,3.
1055 2800 1079 2823 3ι
1101 2797 1202 2821 simam
1223 2796 1255 2825 rs.
1277 2794 1351 2824 infra
1375 2801 1412 2818 nr.
1429 2798 1478 2818 4·¹¹‘
1497 2802 1553 2824 ΜΨ
1570 2795 1592 2816 ³·

170 2860 206 2877 ιι..
226 2859 436 2877 coxsTiTUiioxi-:s
456 2859 489 2876 iv.
1478 2844 1511 2868 48
