2044 3137
253 142 312 169 ,ΜΞ
661 131 821 157 HHINRIvl
845 130 901 156 vll.
922 128 1244 155 ‹¹ONS'1'1T1‘T10NES.
1283 128 1356 154 1311.
1394 127 1512 154 Nr.691.

253 224 403 264 nepliarie
429 222 569 252 civitate.
607 217 794 258 nonnullolsl
832 217 929 247 tetiam
964 215 1137 256 capiendo,
1173 216 1380 256 ipsorumque
1406 213 1563 245 dederunt
1587 214 1699 244 domos
1723 218 1755 245 et
1780 214 1900 245 edifitia

255 275 408 305 hostiliter
433 274 460 302 in
487 272 607 302 ruinani
634 275 665 299 et
690 269 785 299 talem
811 276 952 298 nostrum
979 267 1096 298 ibidem
1122 267 1292 305 vicarium,
1327 268 1468 296 nostram
1497 265 1766 306 parvipendentes
1790 267 1900 307 utiquc

254 327 451 357 maiestatem
471 328 501 353 et
520 322 687 363 imperium
706 324 903 361 respuentes,
922 320 1071 349 effectum
1090 319 1210 349 iniuriis
1234 317 1431 357 abiecerunt,
1455 317 1618 358 ipsiusque
1643 318 1779 348 civitatis
1795 317 1901 348 Brixi-

252 378 334 407 ensi>-
363 376 497 416 populns
522 382 631 404 contra
655 372 806 403 sinceres·
832 371 1013 401 serenitatis
1038 371 1241 401 maiestatem
1270 369 1504 400 communicato
1532 369 1662 400 consilio
1690 369 1902 400 rebellionem

254 435 436 469 perpetrare
462 436 648 467 presumens
671 424 762 454 nobis
787 423 889 453 fau-tus
914 431 961 452 est
985 422 1094 452 hostis.
1143 423 1285 456 Quorum
1309 420 1448 461 benigne
1464 421 1675 461 penitentiam
1693 424 1904 462 expectantes

253 489 282 509 et
308 479 455 509 eosdem.
485 482 517 507 nt
543 480 647 507 errata
671 476 867 514 corrigerent
891 478 923 504 et
952 474 992 504 ad
1022 481 1200 504 nostrorum
1232 472 1374 503 redirent
1402 472 1619 503 obedientiam
1644 472 1902 515 ma[n]datorum,

253 542 308 571 per
332 530 411 560 tales
436 534 467 559 et
485 529 565 559 tales
583 528 719 558 exortati
738 527 854 557 fuimns·
879 530 910 556 ct
935 525 1013 556 dure
1038 526 1146 557 ctiam.
1171 525 1196 555 si
1221 535 1283 554 non
1307 524 1514 563 corrigerent,
1539 525 1733 562 comminati,
1757 524 1799 555 ad
1823 535 1904 566 quos

253 584 281 612 in
314 581 513 612 contumacia
545 586 576 610 et
606 578 710 609 cordis
745 578 861 608 duritia
897 577 1120 618 persistentes,
1156 576 1336 616 cogitantes
1371 575 1456 616 quod
1479 575 1623 606 Brixiam
1658 575 1834 616 veniendo,
1869 580 1905 607 ut

251 634 419 663 deberent.
444 638 631 662 vererentur
654 634 793 661 nostram
820 630 950 660 forsitan
975 629 1196 661 maiestatem.
1233 627 1274 658 ad
1307 627 1444 658 eandem
1476 628 1507 658 in
1531 638 1669 668 persona
1692 628 1837 659 venimus
1872 631 1906 659 et

253 686 308 725 ipsi
336 685 495 725 ipsiusque
522 684 656 724 populus
682 683 818 712 civitatis
843 692 899 711 nos
923 681 1086 721 suscipere
1111 679 1291 710 noluerunt.

367 748 386 775 l.
413 747 482 779 Que
499 754 569 774 enm
588 754 647 773 non
667 742 820 773 vellemus
837 752 895 772 nee
914 741 1108 771 deberemus
1125 739 1309 780 aliqualiter
1329 740 1494 780 preterire,
1519 739 1631 779 grandi
1656 750 1718 770 non
1742 739 1905 771 modicum

253 806 282 826 er
308 797 436 837 copioso
462 796 603 825 exercitu
630 797 836 834 congregato,
862 793 980 823 vallato
1006 803 1067 822 non
1092 792 1195 822 solum
1220 791 1447 822 multitudines
1464 791 1667 831 bellatorum,
1693 791 1750 822 sed
1767 793 1903 823 strenui-

253 855 317 878 tate
336 848 505 878 fortissimo
532 850 563 877 et
587 845 754 876 nobilitate.
780 845 934 885 preclaro,
961 844 1046 884 ipsos
1071 846 1103 874 et
1128 842 1263 874 eandem
1289 843 1474 874 obsedimus
1498 843 1671 882 civitatem,
1700 843 1788 874 cuius
1810 843 1903 874 habi-

253 909 370 930 tatores
396 900 423 929 in
450 908 579 939 pravam
605 897 813 927 rebellionem
844 896 1042 926 devenerant
1072 895 1102 926 in
1131 895 1229 936 ipsius
1253 895 1404 933 civitatis,
1434 905 1496 925 uon
1520 895 1583 926 Dei
1613 894 1800 926 fortitudine
1828 905 1903 926 con-

253 952 405 983 fidentes.
442 961 511 980 eum
547 960 636 980 muro
673 950 761 990 qnasi
799 947 1040 989 inexpugnabili
1077 948 1261 988 cingeretur
1290 950 1323 978 et
1351 947 1479 978 fossatis
1501 953 1567 978 tam
1591 947 1782 978 latitudineh
1806 957 1903 989 quam

253 1001 468 1043 profunditate
494 1005 526 1031 et
549 1011 703 1041 aquarum
729 1000 918 1040 copiositate
944 999 1069 1029 vallatis
1101 1009 1182 1039 pene
1211 997 1347 1029 ubilibet
1382 998 1586 1029 clauderetur
1622 1002 1654 1030 et
1688 1010 1729 1030 ex
1765 999 1904 1040 quadam

253 1062 341 1094 parte
366 1057 473 1083 monte
505 1064 565 1083 non
596 1056 716 1083 tantum
749 1052 936 1085 fortissimo,
973 1055 1021 1081 set
1056 1050 1267 1081 inaccessibili
1301 1051 1488 1081 muniretur.
1536 1051 1596 1086 Qui
1620 1051 1714 1082 malis
1737 1053 1850 1092 peiora
1873 1054 1907 1083 et

254 1105 415 1145 peioribus
440 1105 611 1135 inlnnnaua
638 1104 797 1134 hostinato
827 1104 931 1134 animo
962 1103 1132 1133 molientes
1161 1102 1330 1132 nonnullos
1361 1102 1400 1133 de
1437 1106 1544 1133 nostro
1575 1104 1725 1134 exercitu
1759 1103 1906 1144 plebeios

252 1165 282 1186 et
308 1157 429 1187 nobiles
464 1156 641 1186 belluarum
674 1166 730 1185 seu
769 1155 940 1185 bestiarum
967 1165 1055 1185 more
1087 1154 1235 1185 inaniteri
1265 1154 1424 1184 laniarunt
1464 1158 1670 1196 nostramque
1701 1156 1906 1187 maiestatem

253 1218 281 1238 et
308 1209 529 1247 Margaritam.
567 1218 627 1249 que
653 1218 671 1238 a
696 1207 766 1237 Deo
791 1207 867 1237 data
891 1206 984 1237 nobis
1008 1214 1073 1239 est,
1107 1207 1399 1237 reverentissimam
1433 1207 1601 1248 coniugem
1627 1210 1780 1248 quantum
1803 1207 1835 1238 in
1859 1207 1906 1238 eis

253 1269 319 1291 erat
338 1261 481 1291 convitiis
499 1264 720 1300 provocarunt,
739 1270 779 1289 ex
798 1259 913 1300 quibus
930 1259 1068 1289 civitatis
1085 1259 1296 1298 eversionem,
1314 1258 1469 1289 bonorum
1488 1259 1628 1290 omnium
1646 1259 1906 1290 confiscationem

256 1314 381 1353 riteque
407 1312 582 1352 perieulum
609 1318 639 1341 et
655 1315 834 1351 egestatem
853 1311 1035 1351 imposteris
1060 1314 1092 1341 et
1115 1310 1291 1350 infamiam,
1317 1314 1411 1350 prout
1435 1311 1504 1341 iura
1527 1313 1680 1350 statuunt,
1709 1314 1906 1342 meruerunt.

254 1364 315 1394 Sed
341 1364 467 1394 demum
495 1364 626 1403 penuria
652 1363 835 1393 victualium
861 1363 994 1393 coartati
1021 1366 1053 1392 et
1076 1362 1173 1395 fame,
1198 1372 1260 1403 que
1285 1361 1354 1392 sola
1377 1361 1460 1393 solet
1476 1365 1617 1393 atterere
1634 1363 1790 1403 civitates,
1813 1363 1907 1394 nobis

255 1415 354 1445 libere
379 1428 412 1445 se
437 1419 469 1445 et
486 1416 647 1445 civitatem
667 1414 814 1449 eandem,
839 1415 913 1445 lieet
936 1426 1018 1449 sero,
1045 1414 1131 1445 ducti
1156 1422 1263 1444 tamen
1287 1414 1418 1444 consilio
1444 1413 1592 1453 sanim-ik,
1617 1417 1757 1445 nostram
1780 1414 1905 1446 miseri-

254 1468 394 1497 eoi-diam
421 1468 628 1508 implorantes
653 1478 723 1497 cum
750 1466 835 1497 clero
861 1466 1141 1507 processionaliter
1165 1467 1302 1497 civitatis
1326 1466 1441 1507 ipsius.
1472 1466 1636 1497 humiliter
1659 1465 1904 1510 redd[id]erunt.

361 1531 387 1558 Γ).
414 1527 514 1558 Nobis
538 1528 634 1567 igitur
658 1526 873 1567 cogitantibus
899 1527 1043 1567 predicta
1077 1527 1235 1566 facinora,
1268 1530 1364 1568 prout
1392 1531 1540 1558 tenemur
1569 1537 1610 1558 cx
1641 1526 1751 1558 debito
1774 1527 1905 1568 iustitie,

253 1580 340 1609 euius
365 1580 530 1610 existimus
555 1578 733 1613 debitores,
770 1579 930 1620 puniendo
967 1580 1128 1619 eoi-rigere
1164 1585 1196 1610 et
1231 1579 1311 1610 alios
1347 1585 1471 1610 nostros
1494 1578 1656 1610 subiectos
1679 1579 1830 1620 imperio,
1865 1589 1906 1611 ne

253 1631 364 1661 similia
392 1636 577 1672 perpetrare
603 1635 801 1672 presumant,
838 1631 1008 1672 plectendo
1044 1631 1182 1662 rebelles
1211 1631 1340 1662 efficere
1372 1631 1548 1670 cautiores,
1583 1629 1756 1662 severitate
1786 1631 1906 1673 legum,

253 1694 312 1723 que
339 1684 367 1713 in
393 1683 554 1724 predictos
579 1684 782 1716 temerarios,
819 1683 1003 1724 perduelles
1034 1683 1166 1725 leseque
1197 1683 1375 1714 maiestatis
1406 1693 1478 1714 reos
1508 1685 1682 1724 nostreque
1706 1683 1753 1714 rei
1776 1682 1906 1724 publice

255 1746 314 1764 non
340 1742 459 1765 tantuin
486 1735 603 1769 hostes,
629 1735 685 1766 sed
710 1736 922 1776 nequissimos
949 1735 1128 1776 proditores
1153 1736 1221 1766 iura
1252 1738 1394 1766 statuunt
1430 1735 1609 1775 observari,
1644 1735 1799 1766 utendum
1835 1746 1905 1767 esse

255 1786 411 1816 nonnullis
428 1787 541 1817 merito
562 1787 739 1818 videbatur.
780 1788 823 1817 At
847 1799 903 1817 nos
927 1787 1168 1818 considerantes
1191 1788 1354 1827 attentius
1379 1787 1465 1828 quod
1490 1786 1742 1818 misericordiam
1767 1791 1800 1818 et
1823 1787 1905 1818 iudi-

254 1839 334 1868 ciuin
353 1839 381 1867 iu
400 1838 532 1868 subditis·
550 1844 738 1869 exercentes
758 1839 894 1870 Domino
913 1839 1131 1872 decantamus.
1149 1850 1220 1870 cum
1245 1841 1329 1870 eirca
1346 1839 1490 1870 subditos
1508 1839 1612 1870 inesse
1630 1839 1750 1870 debeat
1773 1839 1906 1870 rectori-

255 1890 310 1919 bus
336 1896 366 1919 et
392 1890 471 1919 iuste
494 1891 660 1921 consulens
683 1891 899 1921 misericordia
925 1892 990 1921 sive
1009 1891 1189 1922 hnmanitas
1214 1896 1246 1922 et
1270 1892 1322 1932 pic
1346 1892 1472 1922 seviens
1496 1891 1673 1932 disciplina,
1741 1891 1906 1923 miscenda

256 1949 301 1970 est
332 1942 414 1971 enini
447 1942 652 1972 lnnnanitatis
684 1943 797 1973 lenitas
822 1954 892 1974 euin
917 1943 1105 1976 severitate.
1174 1948 1208 1974 ut
1237 1953 1341 1984 neque
1365 1943 1465 1974 multa
1489 1944 1665 1984 asperitate
1690 1941 1904 1986 exulcere[n]-

255 2001 303 2022 tin·
327 1993 459 2024 subditi.
488 1994 626 2024 maxime
659 2006 728 2025 enni
755 1994 838 2025 idem
872 1995 1000 2025 morbus
1031 1995 1184 2036 plurimos
1217 1996 1423 2036 occupaverit
1456 2005 1560 2036 neque
1585 1995 1682 2026 nimia
1705 1995 1905 2037 benignitate

257 2055 310 2074 sen
353 2044 549 2075 humanitate
589 2046 767 2079 solvantur.
844 2046 1011 2087 disciplina
1044 2047 1127 2077 enim
1161 2047 1210 2077 vel
1242 2047 1462 2078 misericordia
1495 2052 1528 2077 et
1558 2047 1740 2078 humanitas
1771 2046 1906 2078 multum

255 2097 445 2129 destituitur.
471 2098 493 2127 si
519 2108 578 2128 una
605 2099 672 2128 sine
690 2099 791 2129 altera
810 2103 966 2131 teneatur.
1035 2109 1071 2129 ac
1097 2100 1126 2129 in
1151 2100 1249 2130 nostri
1274 2099 1430 2140 pectoris¹
1453 2100 1577 2130 scrineo
1602 2099 1805 2130 revolventes
1827 2098 1906 2130 illud

255 2148 434 2189 imperiale.
471 2149 553 2190 qnod
591 2149 685 2180 nichil
722 2150 808 2180 aliud
841 2156 904 2181 tam
942 2151 1104 2191 peculiare
1140 2151 1297 2192 imperiali
1333 2151 1492 2182 maiestati
1524 2162 1595 2182 csse
1620 2150 1778 2191 declarat,
1810 2161 1906 2192 quam

256 2200 448 2231 lunnanitas.
493 2212 549 2241 per
591 2212 685 2242 quani
728 2202 829 2232 solam
864 2201 925 2232 Dei
968 2203 1138 2232 innnitatio
1173 2207 1398 2243 conservatur,
1434 2203 1518 2234 unde
1555 2206 1586 2234 et
1621 2202 1697 2233 alibi
1730 2202 1906 2243 imperialis

256 2251 445 2282 excellentie
471 2263 574 2283 sernio
600 2257 748 2285 testatur.
785 2254 827 2284 ita
858 2266 890 2284 se
921 2254 1054 2284 eredere
1078 2254 1138 2285 Dei
1165 2255 1417 2286 benivolentiam
1442 2259 1474 2285 ct
1497 2256 1581 2286 eirca
1605 2265 1706 2296 genus
1730 2254 1903 2285 humanum

256 2303 382 2333 nimiam
409 2304 622 2337 clementiam.
647 2310 798 2346 quantum
824 2311 930 2336 nostre
948 2310 1060 2337 nature
1079 2307 1231 2347 possibile
1250 2311 1306 2341 est,
1332 2307 1459 2338 imitari.
1485 2307 1537 2348 qui
1555 2306 1722 2338 cotidianis
1739 2306 1903 2337 hominum

256 2356 375 2394 pecatis
399 2366 524 2396 semper
549 2356 696 2395 dignatur
720 2358 897 2397 ignoscere,
923 2362 953 2388 et
978 2359 1186 2398 penitentiam
1212 2360 1374 2400 suscipere
1400 2364 1540 2390 nostram
1566 2362 1599 2389 et
1622 2369 1693 2389 eam
1723 2357 1764 2389 ad
1787 2361 1906 2389 statum

256 2405 414 2436 deducere
438 2407 613 2440 meliorem.
680 2409 831 2449 predictis
856 2410 951 2450 igitur
975 2410 1100 2450 plenius
1125 2412 1289 2441 recensitis
1315 2415 1463 2452 optantes
1487 2411 1516 2441 in
1542 2410 1633 2441 uobis
1657 2409 1794 2451 impleri,
1819 2409 1906 2451 quod

256 2468 341 2487 sacra
368 2460 521 2500 scriptura
547 2465 690 2492 testatur.
716 2472 785 2491 cum
813 2461 901 2502 quasi
928 2472 983 2492 rex
1009 2462 1232 2492 circumstante
1259 2463 1401 2493 exercitu
1425 2473 1498 2493 mco
1516 2472 1604 2493 eram
1621 2461 1813 2493 merentium
1829 2471 1905 2492 con-

1922 689 1947 709 m

1923 956 1946 976 1⁵

1924 1475 1949 1495 25

1924 1744 1950 1764 30

256 2511 405 2541 solat-»rh
473 2511 586 2541 sedere
603 2513 721 2553 qnippe
740 2513 964 2543 circumstante
983 2513 1126 2543 exercitu
1145 2514 1235 2553 vigor
1259 2519 1307 2544 est
1324 2513 1491 2555 discipline
1516 2513 1689 2555 regiminis,
1713 2513 1905 2544 merentium
1922 2519 1950 2540 ⁴⁵

259 2572 330 2590 rei-o
362 2562 454 2592 corula
481 2563 634 2593 consolari
661 2570 707 2594 est
732 2565 907 2595 misterium
935 2565 1078 2605 pietatis.
1157 2565 1302 2596 volumus
1338 2566 1509 2597 clementia
1544 2570 1576 2596 et
1610 2565 1742 2597 lenitate
1777 2568 1812 2595 ut
1846 2575 1904 2596 rex

358 2647 420 2672 listi.
441 2648 470 2670 sl
490 2650 588 2674 euicere
603 2650 638 2674 ,11.
710 2652 733 2669 “W
754 2652 915 2675 multitu-line
932 2651 966 2676 Μ.
1038 2650 1061 2677 ’ἢ
1082 2653 1194 2682 sequitur
1213 2661 1264 2684 qna
1284 2653 1356 2677 ‹lclzh
1374 2653 1408 2677 Jl.
1481 2652 1498 2683 ¹')
1517 2662 1550 2678 un
1565 2652 1696 2685 leyeiulurn
1714 2651 1847 2677 inmaniter?
1868 2650 1904 2676 JI.

258 2690 267 2705 ¹*
302 2692 390 2714 senieii
422 2692 446 2715 ll.
536 2692 551 2712 l,
573 2694 670 2725 pecori<
692 2695 722 2717 Μ,

363 2760 369 2782 l
410 2759 448 2782 101,
468 2767 504 2785 ,ἐκ
517 2764 551 2785 33,
