2044 3137
287 167 346 194 ⁴121)
676 157 839 183 iil-:mmm
863 157 920 182 vll.
940 156 1264 183 (JONSTITU'HONES.
1302 155 1375 182 1310.
1412 155 1532 183 N12471.

329 252 443 278 statum
470 255 499 277 et
525 245 702 276 custodiam
729 244 812 274 dicte
837 244 973 274 civitatis
998 247 1030 273 et
1054 243 1214 273 districtus
1239 242 1418 273 decreverit
1442 243 1626 275 convenire.
1650 243 1691 274 ad
1714 244 1869 276 honorem
1894 249 1927 276 et

329 299 555 329 exaltationem
588 298 633 327 sui
659 296 860 336 Romanique
890 295 1030 336 imperii,
1059 305 1120 325 non
1151 293 1350 324 obstantibus
1385 294 1416 324 in
1451 294 1603 334 predictis
1627 295 1678 326 vel
1711 296 1818 337 aliquo
1852 307 1925 339 pre-

328 351 482 381 dictorum
515 348 674 389 aliquibus
706 347 839 379 iuribus,
870 347 996 377 statutis
1026 345 1077 376 vel
1101 345 1330 376 ordinamentis
1358 346 1562 385 generalibus
1586 346 1637 376 vel
1660 347 1853 387 specialibus
1876 348 1926 379 vel

327 402 579 443 quilmscumque
611 400 680 430 aliis
711 400 739 429 in
769 399 960 429 contrarium
992 397 1192 428 facientibus.
1244 396 1284 427 Et
1312 407 1409 438 super
1435 397 1495 427 hiis
1523 397 1653 428 volebat
1684 398 1724 429 ab
1749 399 1926 430 astantibus

329 455 356 483 in
382 453 533 483 concione
559 451 697 492 presenti
723 460 812 480 suam
838 450 973 490 exprimi
999 448 1221 479 voluntatens.

391 506 436 543 (1)
468 503 590 539 Quibus
614 503 719 533 verbis
750 502 799 532 vel
831 501 985 532 similibus
1016 501 1153 532 candem
1184 501 1374 531 sententiam
1405 501 1639 532 continentibus
1667 512 1724 542 per
1747 501 1926 542 predictum

284 557 444 587 dominum
469 555 659 585 Nicholaum
686 565 793 584 coram
818 553 900 584 dicta
927 554 1078 583 concione
1102 553 1291 594 propositis7
1322 556 1355 583 ct
1383 552 1498 584 eodem
1528 563 1568 584 ex
1593 556 1683 594 parte
1708 553 1784 584 dicti
1808 553 1928 585 domini

285 609 366 647 regis
391 611 423 637 et
441 608 469 637 in
488 608 554 637 eius
572 607 738 647 presencia
756 607 984 647 interrogante⁷
1009 606 1033 635 si
1054 604 1197 646 predicta
1214 606 1377 646 proposita
1395 605 1565 646 placebant
1583 605 1703 636 eisdem
1723 608 1755 636 et
1772 606 1823 636 eia
1839 605 1927 637 vole-

284 648 359 689 bant
384 659 501 689 dictam
520 657 659 698 bayliam
685 657 761 687 dare
787 661 819 687 ct
843 661 943 687 ratam
969 668 1039 687 esse
1056 656 1247 687 auctoritate
1265 657 1362 697 ipsius
1379 657 1521 687 comunis
1545 660 1577 687 et
1593 657 1703 698 populi
1727 661 1760 688 et
1774 657 1927 688 universi-

284 712 356 741 tatis
381 721 506 742 eorum.
532 721 641 740 omnes
666 710 695 740 in
726 709 869 750 predicta
893 709 1069 739 existentes
1093 709 1244 740 concione
1269 710 1393 739 comuni
1423 709 1509 739 vocis
1534 719 1687 739 concursu
1711 708 1930 740 clamaverunt

283 763 440 793 dicentes:
460 763 534 798 ‘fian
551 761 620 792 tiat⁷
639 764 672 791 et
688 761 781 791 ‘bene
799 760 920 802 placet*
946 765 977 791 ct
994 761 1160 799 ‘volumus7
1178 760 1262 801 quod
1280 760 1425 801 predicta
1440 760 1547 801 baylia
1565 760 1658 791 detur
1674 764 1707 791 et
1719 760 1795 792 data
1811 760 1929 791 intelli-

283 822 377 855 gatur
401 818 433 844 et
450 815 500 852 sit,
525 817 557 844 ct
575 824 646 844 eam
664 813 777 843 danius
794 813 878 843 dicto
897 812 1026 843 domino
1044 813 1122 853 regi.
1147 816 1242 853 prout
1258 813 1404 853 superius
1429 816 1477 843 est
1493 812 1707 854 expressum'.
1798 811 1929 843 Statim-

283 877 344 907 que
362 865 492 906 quidam
518 866 564 895 vir
582 865 722 906 prudens
739 876 777 895 ex
797 864 1019 895 assistentibus
1043 865 1072 894 in
1090 865 1242 895 concione
1258 864 1404 905 predicta
1420 865 1547 895 nomine
1565 863 1755 896 Guillelmus
1779 864 1819 895 de
1836 863 1928 905 Vayo

283 918 358 947 civis
382 918 528 948 Astcnsis
553 918 581 947 in
607 917 732 947 sublimi
763 916 847 946 dicte
877 916 1037 946 concionis
1066 916 1135 946 loco
1165 926 1198 947 se
1223 919 1382 955 statuens,
1417 920 1451 946 ut
1479 916 1593 947 melius
1620 916 1800 956 audiretur,
1836 915 1928 947 turbe

283 969 395 1000 sedato
434 969 573 1000 clamore
610 969 852 1009 astanciumquc
888 968 1017 998 auribus
1049 968 1090 998 ad
1120 967 1316 999 audientiam
1347 969 1414 999 eius
1443 968 1584 1000 intentis.
1617 967 1759 999 exaltata
1782 977 1860 998 voce
1884 968 1929 999 sic

283 1020 365 1051 dixit..
381 1021 549 1051 consulens
575 1024 606 1050 et
623 1020 798 1050 affirmans:
825 1019 920 1060 ‘quod
945 1030 1002 1060 per
1019 1030 1154 1050 comune
1179 1023 1211 1051 et
1227 1019 1381 1061 populum
1405 1019 1489 1050 dicte
1507 1020 1644 1050 civitatis
1668 1023 1700 1050 et
1715 1019 1930 1050 universitatis

284 1072 401 1103 ibidem
433 1072 641 1103 adsistentem
677 1072 771 1112 plena
808 1076 839 1102 ct
864 1071 1047 1112 plenissima
1071 1071 1192 1112 baylia,
1225 1072 1398 1102 auctoritas
1433 1075 1465 1102 ct
1497 1074 1639 1112 potestas
1673 1071 1868 1102 concedatur
1897 1073 1931 1101 et

283 1135 434 1154 concessa
459 1125 497 1154 sit
522 1130 553 1154 et
578 1134 647 1154 esse
672 1123 869 1164 intelligatur
893 1123 1037 1164 predicto
1056 1123 1183 1154 domino
1202 1124 1404 1154 serenissimo
1429 1123 1496 1164 regi
1520 1123 1551 1153 in
1569 1123 1714 1154 omnibus
1738 1126 1771 1154 et
1786 1122 1928 1163 singulis,

284 1179 379 1216 prout
402 1177 547 1217 superius
572 1177 765 1211 continetur,
799 1179 830 1206 et
855 1175 992 1216 amplius
1024 1175 1128 1206 adhue
1154 1180 1186 1206 et
1209 1175 1344 1216 largiuS,
1369 1175 1433 1206 alte
1459 1179 1491 1206 et
1515 1175 1626 1215 basse,
1660 1175 1690 1205 in
1720 1174 1866 1206 omnibus
1896 1177 1929 1205 et

283 1227 424 1267 singulis.
451 1232 543 1268 prout
568 1227 653 1257 dicto
678 1227 806 1258 domino
832 1228 899 1268 regi
922 1227 1078 1268 placuerit
1094 1227 1242 1258 ordinare
1267 1231 1363 1268 atque
1381 1226 1544 1266 mandare,
1569 1226 1690 1268 absque
1715 1226 1929 1258 diminucione

283 1279 390 1320 aliqua
420 1279 468 1308 vel
493 1278 680 1309 condicione
711 1279 863 1319 nullaque
888 1278 1075 1309 condicione
1099 1278 1150 1309 vel
1175 1280 1366 1320 exceptione
1391 1279 1558 1320 appositis,
1591 1289 1652 1320 que
1682 1289 1738 1309 sue
1762 1278 1928 1315 arbitrium

284 1330 454 1361 voluntatis
485 1331 515 1360 in
545 1330 757 1371 disposicione
783 1331 919 1361 civitatis
948 1337 979 1362 et
1004 1331 1166 1362 districtus
1191 1331 1333 1362 ciusdem
1359 1331 1389 1361 in
1413 1331 1520 1372 aliquo
1546 1329 1785 1372 repugnarent'.
1832 1329 1929 1361 Cuius

282 1382 387 1412 verbis
417 1381 575 1422 explicitis
604 1383 740 1413 universi
772 1383 958 1413 assistentes
989 1383 1185 1414 affirmantes
1214 1383 1357 1424 predicta
1392 1383 1655 1414 exclamaverunt
1677 1381 1817 1412 insimul:
1853 1381 1928 1421 ‘fiat7

283 1433 351 1463 fiat*
378 1439 409 1464 ct
435 1433 527 1464 *benc
552 1434 697 1464 volumus
722 1435 899 1465 concedere
931 1438 963 1465 et
994 1435 1198 1466 concedimus
1222 1435 1362 1476 bayliam
1388 1438 1419 1465 et
1443 1435 1667 1466 auctoritatem
1692 1433 1775 1465 dieto
1801 1433 1928 1465 domino

282 1485 366 1525 regi⁴¹
399 1488 432 1515 ut
463 1486 609 1526 superius
639 1490 687 1516 est
711 1486 925 1527 expressum‘.
973 1486 1014 1517 Et
1044 1487 1158 1517 iterum
1183 1487 1371 1527 interrogati
1394 1497 1411 1517 a
1437 1486 1522 1517 dicto
1547 1486 1674 1517 domino
1698 1485 1871 1525 Nicholao,
1903 1486 1929 1516 si

282 1537 328 1565 eis
352 1536 523 1576 placebant
549 1537 703 1577 predicta,
728 1542 762 1568 ut
786 1539 984 1579 propositum
1010 1541 1042 1569 et
1066 1537 1184 1569 dictum
1209 1538 1313 1569 fuerat
1337 1548 1374 1568 ac
1398 1539 1494 1568 etiam
1519 1538 1714 1577 consultum,
1747 1537 1930 1579 specialiter

283 1599 339 1628 per
363 1588 482 1618 dictum
509 1589 699 1629 prudentem
724 1591 824 1620 virum
844 1590 1052 1621 Guillelmum
1077 1590 1116 1620 dc
1134 1590 1236 1631 Vayo,
1262 1594 1294 1621 et
1318 1589 1403 1631 quod
1428 1589 1467 1621 de
1485 1590 1636 1631 predictis
1660 1590 1751 1621 fieret
1767 1589 1930 1631 publicum

284 1641 538 1674 instrumentum,
565 1652 674 1672 onmes
693 1643 870 1673 comuniter
888 1643 1107 1673 exclamantes
1124 1642 1366 1683 responderunt7
1391 1642 1475 1683 quod
1493 1643 1536 1673 sic
1554 1642 1715 1682 volebant,
1732 1646 1767 1673 ut
1783 1642 1930 1683 superius

284 1696 333 1721 est
357 1696 550 1722 contentum.
1893 1700 1896 1704 ⁴

390 1744 436 1783 (ὃ)
473 1744 595 1779 Quibus
630 1745 673 1774 sic
711 1746 768 1775 rite
805 1747 943 1786 peractis
977 1746 1120 1787 prefatus
1157 1747 1378 1777 screnissimus
1412 1756 1468 1776 rex
1508 1745 1685 1786 predictam
1721 1745 1858 1786 bayliam
1895 1748 1928 1776 et

284 1799 492 1835 potestatem.
528 1800 561 1825 ut
592 1796 770 1836 predictum
801 1802 862 1829 est.
899 1797 957 1827 sibi
993 1808 1177 1828 concessam
1209 1809 1225 1828 a
1255 1799 1379 1828 comuni
1411 1801 1442 1829 ct
1470 1797 1589 1838 populo
1620 1798 1756 1828 civitatis
1785 1797 1929 1828 Astensis

284 1846 419 1885 benigne
452 1848 632 1887 acceptavit
661 1854 693 1878 ct
718 1849 857 1889 gratiose
884 1851 1004 1890 recepit
1029 1854 1061 1880 et
1084 1850 1248 1880 mandavit
1277 1854 1308 1881 et
1335 1849 1436 1880 voluit
1471 1860 1528 1890 per
1554 1860 1606 1880 me
1641 1849 1799 1880 notarium
1832 1848 1929 1879 infra-

283 1899 435 1938 scriptum
462 1910 500 1928 ex
528 1899 680 1939 predictis
704 1901 770 1930 lieri
796 1901 923 1941 publica
949 1901 1150 1932 documenta.

391 1950 471 1979 Acta
498 1955 570 1980 sunt
594 1951 652 1981 hcc
678 1962 771 1985 anno,
797 1952 858 1983 die.
883 1964 1004 1985 mense.
1030 1953 1099 1984 loco
1125 1957 1156 1984 ct
1179 1953 1352 1985 indictione
1377 1953 1543 1995 predictis,
1574 1952 1776 1994 presentibus
1800 1952 1928 1983 domino

286 2000 440 2031 lhilduine
461 2002 702 2044 archiepiscopo
720 2003 943 2035 Trevcuuami.
969 2005 1096 2036 domino
1115 2005 1252 2036 Girardo
1270 2007 1421 2047 episcopo
1439 2005 1617 2040 Basiliensi,
1635 2005 1762 2036 domino
1780 2003 1928 2034 Guidone

285 2054 435 2093 episcopo
455 2055 592 2087 Astensi,
612 2055 738 2085 domino
754 2057 899 2095 Aymonc
918 2058 1068 2097 episcopo
1084 2057 1299 2090 Gebenncnsi,
1317 2057 1445 2088 domino
1461 2057 1606 2088 Aniedeo
1625 2057 1740 2087 comite
1758 2055 1929 2094 Sabaudic,

285 2104 412 2134 domino
440 2105 597 2146 l‘hylippo
623 2106 662 2136 dc
688 2107 851 2138 Salmatia
876 2109 1017 2149 principe
1044 2110 1190 2150 Achaye,
1215 2110 1311 2140 fratre
1336 2109 1476 2141 Hem-ico
1502 2109 1620 2140 abbate
1645 2108 1752 2139 Sancti
1781 2107 1930 2138 Martiani

285 2156 324 2185 de
350 2156 508 2187 'l'erdona.
535 2157 663 2188 domiuo
692 2158 877 2189 notun-2011..
897 2160 993 2190 'Proto
1019 2162 1187 2201 capitaneo
1213 2162 1287 2192 olim
1312 2162 1421 2203 populi
1443 2162 1598 2196 Astensis,
1623 2160 1751 2191 domino
1768 2158 1929 2190 Anthonio

285 2207 324 2237 de
351 2208 484 2246 lhrrgeis
510 2209 700 2249 iurisperito.
726 2210 853 2240 domino
880 2211 1041 2242 l‘almcrio
1067 2213 1106 2241 de
1132 2213 1296 2244 Altcvitis.
1329 2213 1468 2244 Iohanne
1494 2213 1533 2243 de
1558 2212 1629 2243 Dist
1653 2212 1736 2242 dicto
1762 2211 1802 2242 de
1826 2211 1928 2242 Cruce

288 2259 414 2299 publico
447 2261 583 2291 notario.
620 2262 667 2291 cui
702 2263 843 2303 precepit
871 2263 972 2293 dictus
1008 2275 1062 2294 rex
1098 2275 1157 2294 una
1188 2276 1327 2296 mecum.
1364 2264 1495 2307 [quod]b
1526 2275 1566 2295 ex
1598 2263 1744 2294 omnibus
1776 2261 1927 2304 predictis

286 2311 446 2350 publicum
483 2313 655 2342 conticeret
691 2314 950 2345 instrumentum.
986 2322 1017 2345 ct
1053 2316 1121 2346 aliis
1157 2317 1299 2357 pluribus
1323 2317 1457 2347 testibus
1492 2316 1661 2357 fidedignis
1695 2315 1736 2346 ad
1774 2314 1927 2355 premissa

286 2363 468 2402 ¹specialiter
493 2365 611 2393 vocatis
636 2371 666 2394 et
693 2367 819 2405 rogatis.

397 2414 430 2444 lit
465 2426 524 2453 ego
550 2416 772 2447 Bcrtolonwus
798 2417 981 2448 Yellerutus
1016 2420 1156 2449 notarius
1187 2420 1344 2460 palatinus
1373 2431 1432 2450 una
1459 2430 1529 2450 cum
1554 2419 1638 2450 dieto
1662 2418 1805 2449 Iohanne
1829 2417 1928 2449 infra-

286 2466 403 2505 scripto
429 2467 551 2496 notario
578 2468 728 2507 predictis
754 2470 879 2499 interfui
906 2475 937 2499 ct
961 2470 1004 2499 sic
1028 2471 1148 2510 scripsi.

1950 717 1972 736 10

1949 975 1972 994 1⁵

1947 1491 1971 1510 2⁵

1947 1758 1972 1777 30

1948 2017 1972 2035 ,ὦ

1946 2274 1971 2292 40

392 2518 435 2547 «Η.
463 2517 531 2548 ijss
580 2518 617 2548 lit
648 2531 707 2558 ego
736 2520 891 2550 lohannes
917 2521 956 2551 dc
982 2521 1061 2561 lust
1086 2522 1187 2552 dictus
1211 2523 1250 2552 de
1273 2522 1374 2553 Cruce
1399 2523 1533 2554 clericus
1559 2522 1746 2553 Leodiensis
1769 2520 1925 2565 dyocesis,
1944 2531 1969 2550 ⁴⁵

287 2567 431 2606 publicus
458 2570 612 2609 imperiali
638 2572 828 2602 auctoritate
859 2573 999 2602 notarius
1030 2574 1190 2613 premissis
1215 2574 1360 2605 omnibns
1385 2579 1415 2605 et
1439 2575 1570 2614 singulis
1594 2584 1657 2604 una
1680 2584 1751 2604 cum
1775 2573 1927 2616 predictis

288 2619 514 2649 lierrholomco
543 2623 665 2651 notario
691 2628 721 2652 ct
747 2624 881 2654 testibus
906 2625 1126 2664 suprascriptis
1152 2636 1281 2664 presens
1306 2627 1431 2657 interfui
1457 2633 1487 2657 ct
1511 2626 1591 2656 hanc
1617 2630 1751 2662 cartam,
1775 2626 1925 2666 scriptam

287 2677 314 2698 et
343 2671 536 2709 publicatam
563 2684 619 2712 per
643 2673 760 2704 dictum
788 2675 1048 2706 llertholomeum
1076 2677 1242 2708 notarium.
1268 2688 1338 2707 meo
1364 2679 1453 2717 ¹<igno
1472 2682 1623 2708 consueto
1640 2677 1760 2718 signavi
1786 2680 1925 2717 rogatus.

395 2782 451 2806 ΙῗΙ.
474 2788 494 2806 ³»
514 2794 541 2807 ca
564 2794 598 2808 er.
688 2784 700 2801 ι·
732 2787 797 2809 ‹Im-,r
817 2798 852 2811 ων.
960 2795 980 2809 ¹>
1001 2789 1052 2810 nlla
1076 2797 1163 2811 aurinis
1183 2798 1219 2812 er.
