2044 3137
480 195 645 221 HEINRICI
666 195 725 221 VII.
746 196 1072 225 ‹¹‹1›Ns'1‘1'r['T1‹i›NEs.
1112 201 1183 227 1310.
1222 201 1340 228 N1·.4·.10.
1677 208 1736 236 3117

81 282 254 315 revocatis.
284 283 454 312 antedictis
487 282 649 313 abbatisse
681 287 714 314 et
742 286 912 316 conventui
950 296 1006 316 seu
1032 287 1167 318 ecclesie
1202 289 1388 319 Ass-indensi
1417 294 1538 321 eertum
1565 295 1596 321 01
1621 302 1737 332 perpe-

81 339 170 364 tuum
200 334 355 374 preficere
381 333 591 373 advocatum,
682 336 887 367 attendentes
912 337 996 377 quod
1022 349 1078 378 per
1103 339 1244 370 subsidia
1270 340 1467 371 Coloniensis
1492 342 1736 384 archiepiscopi.

81 386 170 416 cuius
194 386 338 426 potentia
365 385 479 416 eadem
505 385 641 416 eeclesia
666 387 754 417 valet
777 388 892 418 melius
916 389 1099 427 gubernari,
1123 391 1278 431 nobisque
1304 393 1401 422 etiam
1427 397 1458 423 et
1483 404 1571 424 sacro
1592 394 1735 425 1101110110

80 438 215 478 imperio
240 437 428 468 immediate
453 439 482 467 111
508 438 740 479 temporalibus
766 440 807 469 ita
833 439 934 470 subsit
959 445 991 471 et
1015 448 1163 482 prompta
1180 443 1391 474 sollicitudine
1418 445 1446 474 in
1465 445 1607 476 eiusdem
1627 447 1735 476 Assin-

49 499 60 517 5
82 489 188 520 densis
227 489 364 520 ecclesie
405 489 593 520 defensione
632 490 723 520 nobis
763 495 795 521 et
834 492 968 532 imperio
1008 494 1126 523 servire
1168 498 1199 524 01
1233 494 1360 534 placere
1397 495 1515 526 debeat
1551 498 1671 528 utiliter
1706 502 1737 528 et

80 544 246 582 potentem
333 540 372 571 de
407 541 606 581 prefatorum
643 545 821 573 nostrorum
852 544 1029 584 principum
1068 545 1198 575 consilio
1235 552 1265 575 et
1301 557 1455 577 consensu
1494 548 1598 588 ipsum
1634 548 1734 579 Hein-

79 593 180 623 ricum
221 592 448 623 Coloniensem
488 593 768 634 archiepiscopum
809 598 840 624 et
881 596 948 625 eius
987 607 1205 627 successorem
1246 598 1423 638 quemlibet
1459 599 1735 640 archiepiscopum

80 643 306 675 Coloniensem
336 655 392 685 pro
426 647 572 685 tempore
603 645 797 676 existentem
829 646 953 686 prefate
980 647 1166 677 Assindensi
1193 648 1327 678 ecclesie
1353 649 1480 689 damus,
1506 651 1735 689 constituimus⁷

79 696 231 735 facimus,
265 695 449 726 ordinamus
485 700 518 726 et
550 696 655 727 eidem
692 697 828 727 ecclesie
861 698 1042 738 preficimus
1073 700 1101 729 in
1133 700 1324 730 advocatum
1358 707 1562 742 perpetuum,
1599 703 1733 733 eandem

37 757 60 776 ιο
80 747 282 778 advocatiam
313 758 384 778 cum
415 748 537 778 iuribus
566 752 598 778 01
628 748 808 779 redditibus
832 750 896 780 suis
920 751 1089 782 uuiversis.
1116 751 1155 781 de
1180 752 1294 792 quibus
1319 752 1377 782 sibi
1407 753 1445 783 dc
1472 761 1578 784 cetero
1605 765 1734 795 rospon-

80 799 150 830 deri
172 799 334 839 volumus7
359 799 420 830 sibi
445 802 477 830 et
502 800 639 830 ecclesie
665 800 849 831 Coloniensi
875 801 1023 832 donando
1056 807 1087 832 et
1112 803 1318 833 concedemlo
1351 808 1507 844 perpetuo
1534 816 1572 835 ex
1598 806 1735 846 1110111111-

80 850 153 882 dine
185 854 292 887 nostre
323 852 412 892 regie
441 852 629 892 potestatis,
659 852 736 882 fidei
759 863 815 883 suc
841 852 1015 883 districtius
1040 855 1257 894 iniungentes7
1288 860 1321 884 ut
1351 855 1486 886 eandem
1512 857 1679 887 ecclesiam
1706 859 1735 887 iu

79 903 224 943 personis
249 906 281 933 et
304 902 401 933 rebus
425 903 490 933 suis
515 903 567 944 pia
593 903 764 934 devotione
790 907 822 934 et
847 904 993 945 diligenti
1018 905 1231 936 sollicitudine
1257 906 1297 936 1111
1316 906 1452 936 hostium
1478 908 1603 937 incursu
1629 915 1734 948 prote-

79 957 136 995 gat
159 957 192 985 et
216 954 380 991 defendah
405 954 449 984 nil
472 954 610 995 amplius
635 965 730 996 quam
757 959 909 986 consueta
929 957 1064 986 servicia
1089 960 1121 986 et
1145 957 1211 986 iura
1237 956 1394 987 advocato
1411 958 1565 989 hacteuus
1590 959 1735 990 exhiberi

36 1017 60 1035 111
80 1010 112 1037 et
141 1006 211 1037 fieri
241 1009 393 1037 consueta
418 1006 459 1037 ab
491 1006 606 1037 eadem
633 1007 785 1040 ecclesia.
811 1008 956 1048 personis
988 1012 1019 1038 et
1050 1007 1146 1038 rebus
1177 1008 1320 1038 eiusdem
1349 1008 1550 1048 aliquatenus
1575 1011 1734 1049 exigendo

78 1058 130 1088 vel
153 1068 212 1099 per
235 1058 316 1089 alios
339 1069 396 1089 suo
421 1059 550 1089 nomine
576 1059 663 1100 exigi
687 1070 744 1090 seu
761 1060 862 1100 recipi
881 1059 1107 1100 permittendo.
1156 1062 1202 1100 (41
1227 1059 1417 1090 Mandamus
1441 1061 1548 1101 itaque
1574 1061 1734 1093 abbatisse

79 1113 112 1140 et
143 1111 313 1141 conventui
342 1110 494 1151 predictis
525 1121 562 1141 110
593 1110 740 1152 opidanis
775 1112 804 1141 in
835 1111 980 1142 Essende
1013 1112 1168 1142 universis
1199 1111 1332 1152 aliisque
1365 1122 1499 1152 quorum
1529 1113 1673 1145 interest.
1702 1120 1735 1144 111

79 1161 186 1193 eidem
214 1161 368 1193 Heinrico
402 1162 587 1193 Coloniensi
620 1162 864 1203 archiepiscopo
901 1164 1030 1203 suisque
1066 1163 1304 1193 successoribus
1340 1163 1600 1199 Coloniensibus,
1633 1165 1735 1195 archi-

78 1213 239 1254 episcopis
263 1224 320 1255 pro
346 1217 492 1254 tempore
518 1214 732 1244 existentibus
758 1218 922 1255 tamquam
947 1214 1106 1245 advocato
1124 1225 1179 1244 seu
1197 1214 1362 1244 advocatis
1381 1214 1583 1245 Assindensis
1601 1217 1734 1247 ecclesie

35 1274 60 1294 20
80 1265 235 1296 obediant
259 1269 291 1296 et
314 1265 498 1305 intendant,
524 1265 564 1296 dc
589 1265 711 1296 iuribus
736 1273 767 1296 et
792 1266 971 1297 redditibus
1000 1266 1144 1297 eiusdem
1175 1266 1344 1296 advocatie
1376 1266 1434 1296 sibi
1460 1277 1583 1297 exnunc
1609 1269 1733 1298 inantea

77 1317 278 1358 temporibus
302 1317 420 1349 debitis
444 1321 477 1348 et
500 1318 661 1348 consuetis
684 1318 810 1358 integre
835 1317 1092 1359 respondendo¹⁸

186 1379 232 1417 (5)
257 1377 414 1409 Preterea
445 1378 590 1419 prefatus
617 1378 788 1409 Heinricus
823 1378 1023 1408 Coloniensis
1052 1378 1314 1419 archiepiscopus
1344 1379 1374 1408 in
1407 1384 1515 1409 nostra
1548 1380 1736 1409 constitutus

77 1431 241 1471 presentia
272 1429 365 1460 nobis
396 1430 601 1471 privilegium
630 1431 682 1471 pie
711 1431 867 1461 memorie
895 1430 1038 1470 Philippi
1062 1429 1193 1460 secundi
1219 1429 1379 1470 quondam
1410 1430 1629 1461 Romanorum
1653 1433 1737 1471 regis

77 1481 317 1523 predecessoris
340 1483 438 1513 nostri
464 1482 605 1513 ostendit
633 1483 716 1513 inter
744 1486 852 1513 cetera
883 1482 1049 1512 continens
1060 1483 1082 1512 ².
1109 1482 1194 1522 quod
1228 1481 1311 1512 idem
1338 1481 1533 1522 Pli(ilippus‘i
1560 1485 1681 1512 curtem
1707 1484 1736 1512 iu

34 1541 59 1561 ²⁵
77 1533 220 1565 Brakele
250 1533 325 1565 olim
356 1534 491 1574 imperio
521 1535 712 1565 attinentem
744 1534 837 1564 sitam
863 1534 944 1564 inter
969 1533 1174 1563 Trcmoniam
1205 1536 1237 1563 et
1261 1532 1353 1563 I'nna
1378 1532 1528 1573 Adolpbo
1554 1534 1734 1564 Coloniensi

78 1585 322 1627 archiepiscopo
348 1589 380 1616 et
404 1585 540 1616 ecclesie
566 1585 750 1617 Coloniensi
775 1585 955 1616 contulerat
986 1588 1019 1615 ct
1047 1588 1269 1622 concess-erat,
1301 1588 1332 1613 01
1357 1583 1589 1625 archicpiscopi
1614 1586 1645 1615 in
1669 1586 1736 1615 eius

78 1638 280 1678 possessione
309 1638 443 1678 pacifica
472 1637 579 1668 multis
603 1638 693 1668 annis
717 1637 857 1669 fuerant.
883 1642 996 1677 petens
1025 1640 1059 1666 ut
1088 1647 1159 1666 011111
1189 1635 1397 1666 Ebcrhardus
1426 1646 1533 1666 comes
1558 1636 1597 1667 (10
1623 1636 1733 1666 Mai-ka

78 1689 283 1729 postmodum
309 1689 446 1720 eandem
472 1694 593 1720 curtem
619 1699 637 1720 a
662 1689 947 1730 predecessoribus
973 1690 1087 1719 nostris
1105 1699 1175 1718 011111
1194 1687 1385 1729 quibusdam
1410 1688 1480 1718 aliis
1505 1688 1595 1718 bonis
1612 1689 1735 1729 imperii

77 1741 109 1771 in
133 1744 218 1772 terra
234 1741 408 1772 KVestfalie
433 1741 511 1779 sitis,
536 1745 571 1771 ut
595 1741 785 1781 audivimus,
810 1741 907 1771 tacito
933 1740 1018 1781 quod
1043 1740 1084 1771 ad
1112 1739 1336 1770 Coloniensem
1364 1739 1533 1770 ecclesiam
1563 1740 1738 1780 pertineret

34 1799 60 1819 ³0
80 1796 112 1824 et
135 1803 313 1834 suggerens
338 1803 409 1824 eam
434 1793 475 1824 ad
499 1794 668 1834 imperium
695 1794 866 1834 pertinere.
893 1792 952 1822 sibi
978 1803 1034 1833 pro
1060 1791 1199 1832 quadam
1217 1792 1352 1832 pecunie
1377 1802 1499 1821 summa
1518 1792 1736 1831 procurawcrit

78 1844 181 1875 minus
216 1844 326 1875 debite
351 1844 497 1886 obligari,
532 1848 685 1885 pretextu
721 1845 809 1874 cuius
840 1843 926 1874 idem
963 1854 1071 1874 comes
1104 1846 1135 1873 et
1168 1844 1215 1873 sui
1249 1842 1386 1873 heredes
1422 1842 1579 1882 prefatam
1613 1846 1733 1873 curtem

77 1895 242 1937 hucusque
266 1896 471 1937 postmodum
497 1900 704 1937 occuparunt,
730 1907 787 1926 nos
812 1897 913 1936 ipsam
939 1898 1060 1926 curtem
1085 1894 1146 1924 sibi
1170 1895 1339 1924 restituere
1366 1894 1578 1933 dignaiwnur.
1679 1905 1735 1924 nos·

78 1948 297 1987 attendentes,
329 1948 414 1989 quod
440 1959 490 1979 res
515 1949 620 1979 aliena
650 1949 776 1989 pignori
801 1947 939 1988 obligari
964 1958 1025 1977 non
1052 1946 1150 1977 debet
1180 1957 1238 1977 nec
1268 1957 1307 1976 ex
1333 1946 1529 1986 obligatione
1554 1946 1734 1976 huiusmodi

79 1998 163 2030 dicte
193 2001 290 2031 curtis
318 2000 379 2041 ipsi
414 2000 523 2030 comiti
555 2010 612 2030 seu
642 2001 710 2030 eius
738 1999 913 2030 heredibus
950 1999 997 2028 ius
1029 2002 1077 2028 est
1112 1998 1242 2038 aliquod
1271 1998 1475 2038 acquisitum.
1512 1997 1734 2038 indempnitati

31 2057 56 2078 ³⁵
80 2050 280 2082 Coloniensis
317 2052 453 2082 ecclesie
487 2052 603 2082 intuitu
642 2051 791 2092 specialis
826 2052 1049 2092 prerogative,
1085 2061 1146 2091 qua
1184 2061 1224 2080 ex
1257 2049 1449 2080 fidelissimis
1485 2049 1645 2089 obsequiis
1681 2060 1736 2089 1101·

79 2102 218 2134 eundem
238 2103 427 2135 Heinricum
451 2102 677 2134 Coloniensem
700 2103 981 2143 arehiepiscopum
999 2102 1090 2133 nobis
1109 2106 1141 2132 ct
1157 2112 1247 2132 sacro
1266 2101 1412 2131 Romano
1427 2101 1559 2141 imperio
1586 2101 1735 2140 impensis

78 2154 146 2195 ipse
170 2155 433 2196 archiepiscopus
457 2166 475 2186 11
500 2155 591 2186 nobis
616 2156 733 2186 meruit
757 2155 911 2195 insigniri.
1024 2154 1162 2184 eandem
1194 2156 1316 2183 curtem
1348 2154 1377 2182 in
1410 2152 1547 2182 111-011010
1578 2163 1647 2182 011111
1673 2153 1735 2181 suis

78 2206 199 2237 iuribus
228 2209 261 2237 et
290 2207 483 2247 attinentiis,
513 2207 599 2237 facta
631 2206 723 2237 nobis
752 2206 815 2237 fido
846 2217 904 2247 per
934 2206 1137 2247 privilegium
1169 2205 1406 2246 predecessoris
1436 2204 1547 2233 nostri.
1580 2203 1664 2243 quod
1695 2203 1733 2232 :111

78 2258 237 2298 prefatam
267 2259 493 2290 Colonienseni
527 2259 698 2289 ecclesiam
729 2259 883 2299 pertinet„
916 2258 1022 2288 cidem
1053 2257 1235 2288 (Hilouiensi
1267 2256 1507 2295 :ireliiepiscopo
1537 2264 1566 2284 01
1599 2254 1733 2283 ecclesie

36 2316 62 2334 40
79 2319 135 2339 sue
167 2319 291 2340 exnunc
323 2311 521 2341 restituimus
550 2314 582 2340 et
610 2309 845 2340 restituendum
875 2320 911 2340 ac
942 2309 1167 2339 dimittendum
1200 2314 1232 2337 01
1265 2307 1304 2337 ab
1337 2308 1404 2347 ipso
1437 2307 1552 2336 00111110
1582 2316 1635 2334 son
1666 2306 1732 2334 eius

78 2359 253 2392 heredibus
278 2365 310 2392 et
334 2361 531 2402 quibuslibet
556 2361 803 2402 occupatoribus
828 2361 974 2391 eiusdem
1001 2361 1202 2391 decernimus
1226 2370 1284 2400 per
1308 2360 1489 2398 presentes.
1514 2357 1601 2386 salvo
1627 2364 1731 2385 tamen

79 2412 139 2451 ipsi
167 2413 275 2443 comiti
304 2412 415 2444 debito
446 2424 502 2443 suo
532 2413 713 2444 rationabili
744 2413 783 2443 de
814 2413 905 2442 bonis
936 2413 1006 2442 aliis
1037 2412 1096 2441 sibi
1122 2413 1180 2442 rite
1207 2410 1356 2450 obligatis
1383 2414 1474 2448 prout
1499 2409 1612 2437 iustum
1639 2407 1731 2436 fuerit

80 2464 317 2505 consequendo.

186 2525 232 2564 (6)
258 2524 418 2565 Quicquid
448 2529 557 2556 autem
593 2528 703 2555 contra
739 2526 894 2565 premissa
923 2525 970 2555 vel
1003 2534 1111 2553 corum
1141 2522 1270 2562 aliquod
1301 2532 1358 2561 per
1387 2528 1594 2560 quemquam.
1626 2518 1729 2547 euius-

37 2582 63 2602 45
82 2584 216 2616 cumque
246 2579 347 2606 status
380 2576 431 2606 vel
463 2576 654 2607 conditionis
685 2577 816 2614 existat7
847 2577 1031 2616 attemptari
1068 2575 1251 2613 contigerit.
1287 2574 1324 2602 sit
1357 2573 1423 2611 ipso
1455 2572 1519 2599 iure
1550 2569 1668 2598 irritum
1700 2576 1728 2597 01

79 2625 172 2657 inane
197 2637 255 2658 nec
281 2628 431 2668 cuiquam
456 2638 496 2658 ex
520 2628 581 2658 1100
606 2629 690 2658 110110
715 2638 772 2658 scu
797 2629 845 2658 ius
869 2633 975 2657 eontra
1010 2627 1166 2667 prefatum
1195 2625 1469 2663 archiepisc<»pum
1501 2624 1531 2649 01
1562 2619 1728 2649 ecelesiam

80 2687 169 2708 suam
194 2678 418 2709 Coloniensem
446 2690 501 2709 cos
527 2680 555 2709 in
582 2680 744 2720 premissis
769 2690 825 2709 seu
851 2689 960 2709 corum
979 2678 1085 2717 aliquo
1105 2675 1306 2716 impediendo
1325 2672 1565 2714 quoinoilolilwt
1584 2671 1728 2710 aequira-

2 2708 4 2748 1
79 2730 139 2759 tur.
184 2729 228 2760 Ut
252 2734 360 2760 autem
386 2730 445 2760 lice
470 2734 540 2761 rata
565 2738 597 2761 et
621 2730 711 2761 firma
736 2737 894 2771 perpetuo
920 2735 1129 2769 permaneant
1154 2732 1184 2757 et
1210 2725 1392 2766 perdurent.
1419 2729 1583 2763 presentes
1609 2721 1729 2751 litteras

7 2842 10 2867 ι
184 2824 208 2855 1)
228 2823 315 2858 Supra
337 2833 377 2850 nr.
392 2829 447 2850 4115,
536 2826 562 2856 2)
583 2824 705 2855 Bolaemer,
726 2824 834 2856 qustcstrt
857 2823 960 2855 imperii
982 2822 1009 2848 1'.
1030 2826 1067 2846 9¹1.
