2044 3137
277 184 336 210 »2553
731 173 891 199 lllilNltlt'l
912 173 971 198 x'll.
1001 172 1328 198 coxs'l'l'l'U'rwNlis.
1368 172 1442 198 1:509.
1471 171 1590 199 N1·.300.

384 265 534 294 Flo-mens
560 263 728 302 episeopus
753 271 862 290 servus
887 269 1051 289 servorum
1078 259 1137 289 l)ei
1228 259 1391 289 carissimo
1417 259 1446 288 in
1466 258 1591 289 (flu-isto
1618 259 1681 289 tilio
1699 259 1840 290 IIenrico
1865 261 1934 301 regi

281 318 493 347 Romanorum
521 314 630 343 illustri
722 312 856 342 salutem
884 316 915 341 et
940 311 1150 351 apostolicam
1177 310 1446 341 benedictionem.

382 370 426 406 1-11
460 365 632 395 l‘astoralis
659 364 869 404 preminentie
894 363 983 393 solio.
1008 363 1198 403 disponente
1228 363 1282 392 illo
1308 363 1359 402 qui
1386 366 1497 392 cuneta
1517 362 1666 403 disponit,
1691 363 1766 393 licet
1783 363 1934 394 immeriti

277 419 477 459 presidentes
504 417 562 446 boe
588 416 740 455 preeipne
767 415 927 444 ferventer
951 415 1151 454 appetimus.
1182 413 1241 444 hoc
1267 414 1347 444 rotis
1372 413 1560 444 ardentibus
1583 415 1789 446 affectamus.
1818 422 1852 445 ut
1877 426 1934 445 ex-

275 481 366 499 eusso
393 482 407 498 a
436 468 526 497 nobis
557 467 753 505 negligentie
783 476 918 506 sompno
947 466 1027 495 cirea
1064 466 1172 505 gregis
1202 464 1350 495 dominici
1383 465 1562 496 custodiam
1595 465 1814 496 submovendo
1838 467 1933 497 noxia
1968 479 1979 496 .-.

275 531 302 551 ei
331 520 457 559 agendo
491 519 655 559 profutura
685 518 807 547 animas
836 517 906 547 I)eo
936 517 1142 547 lucrifacere.
1176 527 1232 547 sna
1263 517 1354 547 nobis
1379 522 1575 558 cooperante
1605 518 1726 557 gratia.
1760 517 1934 548 valeamus.

274 575 357 602 Sane
390 571 509 600 dndnm
540 571 619 600 eirea
654 570 862 609 prmnotiouis
896 577 1001 599 nostre
1034 569 1223 609 principium
1254 568 1294 599 ad
1328 570 1454 609 apicem
1490 569 1667 610 apostolice
1699 570 1864 610 dignitatis
1894 569 1933 600 ad

277 632 416 653 nostrum
444 622 581 662 quadam
608 621 668 651 leri
695 621 901 661 suggestione
927 622 1073 661 pervenit
1097 620 1259 653 auditum.
1294 620 1379 661 quod
1409 620 1449 651 ab
1481 621 1555 651 olim
1582 621 1621 651 de
1645 621 1722 651 flatu
1747 621 1880 651 sathane
1906 622 1935 651 in

275 675 532 715 Templariornm
559 673 670 703 ordine
695 683 806 712 sparso
832 673 975 713 pestiferi
1000 673 1128 713 generis
1153 673 1291 711 semino.
1326 673 1489 703 subcrevit
1518 683 1556 703 ex
1583 672 1636 703 illo
1662 673 1774 703 messis
1798 672 1935 707 odibilis,

277 729 394 757 fruetus
432 726 601 765 pestiferos
637 736 674 754 ex
712 726 758 754 sui
790 728 903 754 natura
937 724 1131 764 producens.
1167 723 1319 754 videlicet
1354 723 1438 764 quod
1475 723 1651 764 Templarii
1680 723 1739 754 sub
1773 725 1936 765 religionis

277 778 374 819 pallio
405 777 578 807 militantes
608 777 764 806 exterius.
797 777 826 805 in
858 776 1020 816 apostasie
1051 775 1184 816 pertidia
1217 776 1300 805 intus
1330 776 1478 805 vixerunt
1507 776 1662 806 hactenus
1692 776 1723 806 iu
1752 776 1936 807 detestabili

275 830 414 859 beretiea
452 829 620 868 pravitate.
674 828 824 857 Ceterum
857 831 929 857 tnnc
954 827 1177 861 attendentes,
1209 827 1292 867 quod
1326 827 1403 857 ordo
1437 828 1577 867 ipsorum
1607 826 1709 868 longis
1737 831 1822 858 retro
1854 832 1936 859 tem-

274 881 404 922 poribus
429 880 528 910 inulte
554 880 679 909 refulsit
704 879 879 909 nobilitatis
903 880 1008 919 gratia
1033 883 1065 909 et
1090 879 1214 909 decoris
1239 890 1275 909 ac
1299 890 1417 919 magua
1432 878 1575 909 fidelium
1601 879 1729 910 devotio
1758 879 1812 910 diu
1835 880 1937 921 viguit

272 933 356 973 apud
383 944 447 963 eos.
473 931 622 971 quodque
649 938 720 961 tunc
753 931 871 961 nnllam
897 931 1122 961 audiveramus
1147 941 1244 971 super
1273 931 1436 971 premissis
1460 931 1669 971 suspitionem
1699 931 1749 961 vel
1774 931 1937 963 infamiam

273 991 381 1014 eontra
408 984 508 1024 ipsos.
536 987 567 1013 et
593 983 816 1013 nichilominus
841 982 926 1023 qnod
951 993 968 1012 a
994 993 1050 1013 sue
1076 983 1239 1023 religionis
1264 982 1398 1012 exordio
1425 986 1632 1023 portaverunt
1656 982 1784 1023 publice
1809 984 1934 1024 signum

274 1037 385 1070 erneis,
411 1046 543 1076 corpora
572 1021 772 1075 eQ'poneutes
798 1039 830 1065 et
854 1035 934 1065 bona
962 1038 1069 1065 eontra
1097 1035 1241 1065 inimicos
1265 1035 1338 1064 tidei
1365 1045 1422 1075 pro
1447 1035 1670 1075 acquisitione,
1694 1035 1874 1066 retentione
1899 1046 1935 1066 ac

276 1088 464 1118 defensione
497 1087 596 1117 'l'erre
632 1090 748 1117 Sancte
786 1087 906 1117 domini
937 1090 969 1117 ct
999 1086 1166 1117 salvatoris
1195 1087 1293 1116 nostri
1324 1086 1421 1116 ihesu
1454 1086 1571 1117 Christi
1609 1087 1749 1127 pretioso
1781 1088 1936 1128 sanguine

274 1144 477 1173 consecrate,
507 1139 703 1177 suggestioni
736 1138 880 1179 predicte
910 1138 1070 1169 noluimus
1094 1149 1188 1169 aures
1217 1149 1260 1168 er(
1273 1138 1365 1169 dulas
1390 1138 1556 1169 exhibere.
1605 1137 1652 1178 (2)
1676 1138 1798 1168 Verum
1823 1143 1935 1179 postea

274 1191 404 1221 auribus
429 1190 582 1220 carissimi
608 1190 637 1219 in
664 1190 790 1220 Christo
815 1189 870 1219 tilii
896 1190 994 1219 nostri
1020 1189 1163 1230 Philippi
1188 1190 1272 1229 regis
1297 1189 1494 1219 Francorum
1519 1189 1648 1219 illustris
1672 1189 1825 1229 insonuit,
1851 1189 1936 1231 quod

274 1242 390 1281 singuli
416 1242 530 1271 fratres
548 1242 622 1271 dieti
643 1241 761 1272 ordinis
787 1242 816 1271 in
841 1242 889 1271 sui
908 1242 1118 1281 professione.
1143 1252 1214 1272 cum
1233 1241 1377 1271 ordinem
1395 1242 1498 1282 ipsum
1517 1240 1749 1281 ingrediuntur.
1775 1243 1937 1282 expressis
1956 1259 1960 1264 ·

274 1294 378 1324 verbis
408 1294 569 1332 abnegant
600 1293 764 1323 dominum
796 1293 922 1323 lhesum
949 1292 1109 1323 Christum
1144 1304 1266 1324 necnon
1299 1293 1429 1333 =vdolum
1463 1292 1600 1323 adorant
1629 1293 1659 1322 in
1691 1293 1756 1323 suis
1786 1293 1935 1334 capitulis

276 1351 307 1376 et
347 1346 406 1375 alia
450 1345 586 1375 nefanda
625 1346 847 1383 eommietunt,
887 1355 948 1385 que
985 1344 1026 1375 ob
1061 1345 1210 1375 ruborem
1248 1344 1450 1385 exprimendi
1486 1344 1683 1375 subticemus
1717 1345 1758 1375 ad
1795 1355 1936 1386 presens

276 1398 414 1437 Propter
439 1397 523 1437 quod
551 1397 634 1427 idem
666 1408 720 1427 rex
751 1397 791 1427 ad
822 1397 1064 1439 requisitionem
1096 1398 1291 1438 inquisitoris
1323 1397 1465 1427 heretice
1495 1397 1662 1438 pravitatis
1692 1397 1723 1427 in
1752 1407 1851 1438 regno
1879 1389 1936 1428 suo

275 1449 472 1487 generaliter
495 1460 510 1478 a
537 1449 614 1479 sede
641 1448 821 1489 apostoliea
850 1449 996 1490 deputati
1027 1449 1066 1479 de
1096 1449 1309 1489 prelatorum,
1341 1449 1495 1480 baronum
1526 1452 1559 1479 et
1587 1449 1722 1479 aliorum
1756 1449 1937 1490 sapientum

276 1501 511 1530 deliberatione
537 1500 670 1531 solemni
696 1501 884 1541 magistrum
911 1502 1065 1531 maiorem
1092 1504 1123 1531 et
1148 1500 1227 1531 alias
1251 1500 1430 1541 singulares
1448 1511 1602 1541 personas
1627 1500 1702 1531 dicti
1720 1500 1849 1541 ordinis,
1874 1511 1936 1542 que

277 1559 349 1582 tunc
376 1559 462 1582 erant
491 1552 519 1581 in
546 1563 644 1591 regno
669 1563 741 1584 suo.
772 1563 833 1583 una
864 1553 916 1583 die
946 1563 1017 1583 enm
1047 1563 1163 1593 magna
1194 1553 1381 1593 excogitata
1410 1552 1577 1593 diligentia
1604 1553 1673 1593 capi
1699 1552 1775 1583 fecit
1800 1552 1936 1583 ecclesie

276 1603 392 1634 iudicio
418 1604 650 1644 presentandus
681 1612 711 1634 et
741 1615 852 1635 eorum
883 1604 965 1635 bona
999 1604 1131 1635 mobilia
1162 1608 1193 1635 et
1219 1604 1394 1635 immobilia
1419 1604 1506 1635 salve
1531 1604 1676 1635 custodie
1701 1605 1857 1646 assignari
1880 1615 1936 1645 pro

276 1655 374 1685 'l‘erra
401 1657 530 1695 Sancta,
554 1657 578 1685 si
605 1656 708 1686 dietus
733 1656 810 1687 ordo
837 1656 1040 1697 dampnetur.
1065 1657 1207 1697 alioquin
1232 1668 1289 1697 pro
1314 1657 1383 1697 ipso
1409 1656 1520 1687 ordine
1544 1656 1683 1687 fideliter
1707 1656 1935 1688 conservanda.

276 1707 401 1737 Deinde
439 1708 581 1748 prefatus
616 1708 770 1747 magister
806 1708 880 1739 dicti
917 1708 1037 1738 ordinis
1072 1712 1250 1749 spontanee.
1286 1709 1451 1739 confessus
1493 1712 1541 1739 est
1576 1709 1698 1749 palam,
1734 1708 1936 1749 presentibus

278 1759 449 1788 maioribus
475 1760 619 1799 personis
645 1761 873 1791 ecclesiasticis
898 1760 1055 1794 Pau-isius,
1085 1761 1246 1801 magistris
1271 1761 1300 1791 in
1331 1760 1495 1800 theologia
1522 1764 1555 1791 et
1578 1760 1664 1799 aliis7
1698 1761 1935 1801 corruptionem

279 1812 393 1840 erroris
419 1811 643 1850 abnegationis
661 1812 779 1842 Christi
803 1813 833 1842 in
859 1812 991 1842 fratrum
1009 1812 1262 1853 professionibus
1279 1816 1389 1842 contra
1416 1813 1550 1852 primam
1568 1812 1799 1842 institutionem
1818 1811 1937 1843 ordinis

276 1862 406 1902 prefati=
441 1863 612 1901 instigante
642 1864 774 1894 sathana
785 1879 805 1897 ,s
823 1864 1048 1894 introductam.
1097 1864 1201 1899 Quam
1230 1864 1358 1904 plurimi
1383 1865 1480 1894 etiam
1509 1864 1626 1894 fratres
1650 1863 1727 1894 dieti
1752 1863 1871 1894 ordinis
1895 1875 1936 1894 ex

276 1913 409 1943 dirersis
435 1914 577 1954 partibus
602 1915 676 1945 dieti
703 1916 793 1955 regni
818 1915 1013 1946 Francorum
1040 1915 1122 1946 dicta
1145 1915 1265 1946 seelera
1291 1918 1363 1945 sunt
1389 1915 1536 1946 confessi.
1562 1925 1671 1946 reram
1696 1920 1728 1946 ct
1752 1926 1815 1946 non
1837 1916 1935 1946 simu-

278 1965 374 1995 latam
401 1971 535 2005 agentes
560 1968 770 2006 penitentiam
796 1967 836 1998 de
861 1968 1053 2000 commissis.
1083 1973 1177 2008 prout
1207 1967 1267 1998 hec
1296 1967 1400 1998 dietus
1429 1978 1487 1998 rex
1511 1967 1603 1997 nobis
1627 1977 1685 2008 per
1708 1977 1783 1998 suas
1806 1967 1936 1998 licteras

277 2017 433 2046 intimarit
459 2022 489 2046 et
521 2018 561 2047 ad
587 2029 642 2047 nos
672 2020 769 2049 etiam
795 2024 1011 2060 pervenerunt
1040 2020 1125 2050 fama
1154 2019 1284 2060 publiea
1315 2019 1493 2050 deferente.
1549 2019 1616 2049 Nos
1645 2029 1772 2060 quoque
1803 2018 1935 2050 fratrem

276 2078 387 2107 unum,
424 2069 555 2099 militem
583 2070 657 2100 dieti
683 2071 802 2101 ordinis
826 2082 942 2111 magne
968 2072 1195 2113 generositatis
1225 2079 1257 2102 et
1281 2071 1481 2102 auctoritatis
1505 2071 1622 2110 virum,
1656 2081 1752 2111 super
1776 2070 1935 2112 pravitate

278 2120 338 2149 iam
372 2119 454 2149 dieta
493 2122 705 2160 personaliter
734 2124 998 2154 examinavimus.
1053 2124 1114 2159 Qui
1144 2123 1263 2154 dietum
1294 2123 1417 2154 facinus
1445 2123 1669 2163 abnegationis
1696 2122 1792 2153 Ihesu
1818 2121 1934 2153 Christi

277 2171 306 2200 in
332 2171 475 2211 ingressu
509 2172 582 2202 dieti
617 2174 735 2204 ordinis
766 2186 783 2205 a
813 2187 846 2204 se
883 2176 1087 2206 commissum
1119 2180 1232 2216 sponte
1261 2175 1427 2205 confessus
1460 2174 1518 2205 fuit
1543 2174 1687 2215 plenarie
1712 2184 1819 2205 coram
1844 2173 1936 2205 nobis

277 2231 306 2251 et
333 2222 448 2253 adiecit
476 2236 509 2253 se
536 2225 660 2256 vidisse.
687 2226 771 2266 qnod
798 2227 926 2267 qnidam
954 2227 1069 2257 nobilis
1094 2228 1124 2257 in
1150 2228 1311 2268 presentia
1338 2227 1547 2257 ducentorum
1573 2226 1705 2256 fratrum
1723 2225 1773 2256 vel
1796 2225 1935 2266 plurium

277 2274 351 2303 dieti
378 2274 512 2306 ordinis.
545 2277 626 2306 inter
651 2289 729 2317 qnos
754 2288 844 2308 erant
870 2282 997 2309 centum
1023 2279 1142 2309 milites
1166 2279 1217 2309 vel
1242 2279 1342 2309 circa.
1368 2278 1449 2308 ultra
1475 2288 1578 2309 mare.
1604 2277 1756 2308 videlicet
1779 2277 1810 2307 in
1834 2287 1934 2318 regno

277 2326 374 2365 t'ipri.
401 2337 458 2365 per
484 2328 643 2367 prefatum
670 2330 856 2369 magistrum
883 2330 959 2360 dicti
985 2330 1104 2360 ordinis
1129 2331 1158 2360 in
1183 2330 1324 2371 capitulo
1349 2340 1405 2360 suo
1431 2330 1460 2360 in
1485 2329 1617 2360 fratrem
1634 2328 1762 2370 Templi
1786 2331 1935 2370 receptus

277 2377 331 2406 fnit
359 2384 388 2406 et
416 2378 456 2407 ibi
484 2379 511 2408 in
538 2379 694 2410 dictorum
721 2383 863 2421 magistri
894 2386 925 2412 et
951 2382 1083 2412 fratrum
1110 2383 1268 2422 presentia
1301 2381 1385 2412 idem
1416 2381 1532 2411 nobilis
1560 2380 1601 2411 ad
1624 2380 1810 2411 mandatum
1835 2380 1935 2421 ipsius

277 2430 417 2467 magistri
445 2429 563 2460 dietum
591 2432 712 2462 facinus
737 2434 765 2463 in
791 2444 847 2463 sua
867 2434 1051 2475 receptione
1069 2435 1238 2464 commisit.
1330 2433 1379 2464 Ex
1397 2433 1511 2474 quibus
1535 2433 1560 2463 si
1585 2433 1615 2462 in
1632 2443 1710 2473 agro
1729 2432 1935 2472 plantationis

277 2480 350 2509 dieti
386 2481 519 2513 ordinis.
552 2484 602 2523 qni
637 2495 716 2523 ager
749 2485 924 2524 putabatur
954 2496 1024 2515 esse
1050 2486 1201 2515 virtutum
1232 2492 1263 2515 et
1287 2485 1418 2525 grandis
1442 2485 1648 2515 sublimitatis
1671 2483 1802 2524 speculo
1827 2483 1933 2525 prelu-

277 2531 380 2562 ‹ebat.
407 2532 563 2563 diabolica
591 2535 676 2575 qnod
702 2536 782 2566 absit
810 2538 870 2567 sint
894 2538 1013 2567 semina
1046 2538 1220 2568 seminata.
1252 2538 1341 2577 gravi
1373 2543 1481 2567 nostra.
1510 2538 1630 2567 viscera
1661 2536 1842 2566 comotione
1866 2538 1933 2566 tur-

277 2581 399 2611 bantur.
448 2584 511 2613 ¹*ed
537 2586 560 2614 si
585 2588 737 2625 premissa
766 2589 901 2618 veritate
926 2588 1080 2626 nitantur,
1115 2599 1153 2619 ea
1178 2594 1342 2629 comperta
1373 2588 1511 2619 cessabit
1535 2587 1675 2618 turbatio
1701 2590 1733 2617 et
1756 2586 1932 2617 secundum

276 2632 379 2663 lit-nm
420 2635 595 2665 ioenmlitas
632 2638 759 2668 orietur.
820 2638 911 2669 l'nde
947 2639 987 2669 ad
1024 2639 1281 2679 investigandum
1319 2641 1488 2671 veritatem
1524 2637 1705 2670 huiusmodi
1740 2638 1807 2668 sine
1842 2648 1930 2669 mora

278 2686 484 2724 proponimus
517 2688 682 2719 intendere
716 2699 763 2721 et.
794 2697 947 2731 qnantum
973 2691 1062 2721 Dens
1093 2691 1235 2723 dederit.
1266 2691 1443 2722 efficaciter
1472 2691 1616 2732 vigilare.
1673 2690 1718 2729 (3)
1741 2688 1933 2730 'Eapropter

277 2736 359 2774 ‘1¹¹l21.
378 2737 455 2766 sient
477 2739 688 2771 insinuatione
707 2742 878 2773 multorum
895 2743 1090 2783 accepimus.
1115 2753 1211 2783 super
1228 2744 1381 2783 pretaetis
1399 2743 1584 2774 criminibus
1601 2745 1712 2773 contra.
1729 2740 1932 2782 Templarios

1957 739 1981 757 10

1956 996 1978 1015 1⁵

1956 1515 1980 1534 215

1956 1774 1981 1793 30

1955 2033 1979 2053 ³5

1955 2291 1979 2308 ⁴⁰

1952 2549 1976 2567 ⁴⁵

278 2786 360 2823 ΠΝ*
388 2787 467 2816 s=una
496 2801 549 2819 sen
578 2794 681 2822 verius
707 2794 833 2823 infamia
870 2794 958 2833 qnasi
990 2795 1138 2824 continue
1168 2794 1299 2834 suscipit
1329 2795 1578 2829 incrementum,
1614 2797 1646 2823 et
1677 2792 1718 2823 ob
1749 2792 1810 2823 hoc
1837 2796 1932 2834 urget
1949 2803 1975 2822 50
