2044 3137
52 714 76 734 10

53 975 75 992 15

51 1493 76 1513 25

53 2013 75 2033 ³5

53 2272 79 2290 ⁴0

490 152 656 179 HEINRICI
675 154 736 179 VII.
758 154 1084 182 ‹JONSTITL'Tnijs
1125 156 1196 182 1310).
1236 157 1281 182 ΧΓ.
1296 157 1353 182 440.
1690 163 1750 190 5335

94 239 204 269 nentia
239 240 371 279 negotia
408 239 438 269 iu
474 239 619 279 partibus
652 240 848 271 Lombardie
883 246 914 271 et
948 242 1074 272 Tuscie.
1111 243 1151 273 ad
1176 243 1330 274 honorem
1356 243 1416 274 Dei
1449 253 1480 274 et
1510 253 1617 275 sancte
1643 246 1752 276 matris

96 290 233 322 ecclesie
266 290 520 321 conservandum
557 297 598 321 ct.
635 295 728 332 prout
763 291 920 322 Dominus
946 293 1088 325 dederit.
1120 295 1393 333 augmentandum
1424 295 1541 326 ibidem
1573 307 1609 327 ae
1640 307 1751 327 manu-

95 342 271 373 tenendum
301 342 553 373 ecelesiasticam
583 342 767 374 libertatem
801 348 832 374 et
862 345 949 385 pacis
980 354 1011 375 et
1041 346 1278 386 tranquillitatis
1309 347 1383 377 inibi
1413 348 1594 388 spargenda
1618 349 1751 387 semina.

95 399 126 425 te
150 397 303 435 tanquam
332 394 421 434 pacis
452 394 604 435 angelum
628 395 840 426 destinamus.
866 396 922 425 tibi
948 396 1169 428 nichilominus
1202 398 1230 427 in
1256 398 1452 428 Lonibardie
1479 404 1510 429 et
1534 399 1649 429 'l'useie
1675 410 1748 440 pre-

96 445 189 477 dictis
212 445 375 487 partibus⁷
404 446 496 476 terris
526 446 662 476 ecclesie
687 446 833 477 Romane
864 447 1015 478 subiectis
1045 449 1214 489 temporali
1245 450 1385 480 dominio
1417 450 1609 491 ubicumque
1642 452 1751 492 positis

95 508 225 539 prorsus
251 498 406 538 exceptis.
430 508 555 528 necnon
581 502 611 528 et
636 499 666 528 in
692 499 835 529 Mai-chia
860 499 1035 530 Terris-ina.
1062 501 1271 541 Aquilegensi
1297 510 1328 531 et
1346 502 1503 532 Gradensi
1528 503 1750 542 patriarchati-

95 549 171 588 bus,
198 549 349 580 Ianuensi
382 556 414 579 et
446 548 579 587 Pisano,
609 548 753 579 [adi-ensi
790 554 821 580 et
856 550 1019 591 Ragusina
1052 552 1221 591 provinciis
1246 563 1367 583 necnon
1394 553 1539 584 Sardiuie
1566 562 1597 583 et
1622 553 1750 584 Coi-sice

94 602 205 632 insulis
229 601 324 642 plene
348 601 520 642 legationis
537 601 688 632 officium.
714 609 747 631 ut
772 602 892 632 evellas
918 608 949 633 et
973 603 1129 635 destruas.
1148 603 1315 645 disperdas
1340 613 1369 635 et
1395 605 1540 645 dissipes,
1566 605 1695 636 edifices
1720 614 1752 635 et

95 653 243 693 plantes¹
267 652 299 682 in
322 653 450 683 nomine
475 652 620 685 Domini.
650 661 743 693 prout
772 654 874 694 gratie
904 655 1032 684 celestis
1063 655 1178 685 infusio
1211 664 1241 686 et
1274 662 1325 686 tua
1352 657 1408 687 tibi
1433 657 1633 697 providentia
1658 659 1750 688 mini-

95 704 219 743 strabit,
244 704 284 735 de
309 704 441 735 fratrum
467 708 647 735 nostrorum
666 705 797 735 consilio
816 706 1063 738 committentes.
1133 707 1187 737 tibi
1215 708 1351 738 faciendi
1377 716 1409 738 et
1440 708 1611 738 exercendi
1640 714 1750 740 aucto-

95 757 190 786 ritate
218 759 343 793 nostra.
373 767 575 797 quecumque
611 756 652 787 ad
682 756 835 787 honorem
865 757 927 788 Dei
958 766 989 788 et
1021 758 1164 789 eiusdem
1194 759 1329 789 ecclesie
1359 771 1395 790 ac
1420 770 1608 800 prosperum
1634 765 1750 791 statum

94 807 239 838 fidelium
262 808 401 849 partium
427 808 603 839 earundem
627 808 745 839 videris
771 809 936 849 expedire.
962 809 1213 840 contradictores
1239 811 1336 841 etiam
1367 820 1397 841 et
1430 811 1567 841 rebelles
1592 813 1751 852 quoslibet

93 870 154 901 per
189 861 545 899 excommunicationis,
582 861 799 901 suspensionis
838 865 869 891 et.
904 861 1064 891 interdicti
1101 863 1277 892 sententias
1308 863 1359 892 vel
1388 863 1466 893 alias
1495 873 1551 903 per
1584 874 1749 895 censuram

96 911 348 942 ecclesiasticam
373 911 592 952 appellatione
616 913 794 952 postposita
831 912 1072 953 compescendi,
1108 913 1304 953 quibuslibet
1330 913 1503 954 privilegiis
1529 922 1558 944 et
1585 915 1751 955 indulgen-

96 964 148 994 tiis
181 963 368 1005 apostolicis
398 963 456 994 sub
481 973 683 1004 quacumque
714 964 815 994 forma
847 974 904 994 seu
934 969 1045 995 tenore
1071 965 1242 995 verborum
1267 967 1439 997 concessis.
1465 978 1522 1007 per
1545 977 1605 1007 que
1630 967 1751 998 nullum

95 1016 254 1056 cuiquam.
280 1015 507 1055 cuiuscumque
533 1014 707 1056 dignitatis.
733 1019 834 1046 status
853 1016 902 1046 vel
920 1016 1111 1046 conditionis
1129 1017 1194 1047 sive
1214 1017 1333 1047 ordinis
1351 1017 1399 1047 vel
1418 1017 1581 1057 religionis
1605 1030 1627 1048 s.
1645 1018 1750 1049 Bene-

95 1067 182 1107 dieti,
207 1066 439 1107 Cisterciensis,
458 1066 687 1105 Cluniacensis.
709 1066 933 1103 Carcusiensis.
959 1067 1277 1099 Premonstratensis.
1304 1067 1612 1100 Grandimontensis.
1636 1069 1750 1100 Humi-

93 1119 256 1159 liatorum,
279 1118 550 1157 Vallisumbrose.
576 1118 848 1158 Camalduleusis,
874 1130 896 1149 s,
923 1119 1074 1149 [ohannis
1104 1119 1352 1150 Ierosolimitani
1382 1128 1413 1149 et
1443 1120 1577 1150 aliorum
1607 1120 1750 1151 ordinum

95 1171 224 1210 existat,
248 1171 281 1201 in
305 1170 365 1201 hac
387 1174 480 1212 parte
497 1170 643 1201 volumus
660 1171 767 1201 afferri
785 1171 983 1211 suffragium,
1008 1181 1214 1211 nequaquam
1233 1171 1443 1202 obstantibus.
1468 1171 1654 1202 facultatem
1672 1172 1751 1202 libe.-

94 1233 163 1254 ram
181 1222 405 1253 concedentes
445 1222 511 1253 Nos
530 1223 614 1253 enim
633 1223 808 1253 sententias
832 1223 898 1252 sive
924 1233 1033 1263 penas,
1060 1233 1138 1263 quas
1163 1224 1221 1253 rite
1248 1231 1279 1253 et
1304 1224 1384 1253 iuste
1403 1223 1513 1253 tuleris
1530 1232 1584 1253 aut
1601 1224 1752 1254 inflixeris

94 1275 124 1306 in
148 1273 299 1314 rebelles,
323 1278 410 1305 ratas
434 1274 626 1305 habebimus
649 1283 682 1305 et
706 1274 861 1305 faciemus
885 1282 1017 1305 auctore
1043 1274 1182 1305 Domino
1208 1285 1308 1315 usque
1333 1274 1374 1305 ad
1399 1275 1651 1306 satisfactionem
1676 1286 1750 1306 eon-

94 1326 225 1368 dignam
256 1326 485 1358 inviolabiliter
520 1326 693 1356 observari.
805 1327 851 1365 (2),
880 1326 974 1356 Licet
1004 1335 1113 1356 autem
1148 1326 1237 1356 iuviti
1266 1334 1397 1366 propter
1426 1327 1470 1356 tui
1501 1327 1752 1367 profumlitateni

94 1379 217 1410 consilii
240 1383 295 1409 tua
318 1379 483 1419 presentia
507 1388 684 1417 careamus.
710 1385 818 1408 tamen
845 1377 885 1408 ad
905 1379 1090 1408 missionem
1109 1386 1195 1408 tuam
1221 1388 1259 1407 ea
1277 1379 1429 1418 precipue
1452 1379 1531 1410 ratio
1550 1389 1606 1409 nos
1623 1379 1751 1411 inducit.

95 1431 181 1473 quod
211 1430 331 1461 dudum
361 1430 525 1461 carissimo
560 1430 590 1459 in
623 1428 749 1460 Christo
785 1429 849 1459 filio
885 1434 993 1459 nostro
1028 1429 1169 1459 Hem-ico
1202 1440 1277 1469 rege
1308 1429 1525 1460 Roman‹:›r1un
1555 1430 1666 1460 illustri
1696 1442 1753 1471 per

95 1483 244 1514 solennes
266 1482 404 1522 nuntios,
429 1491 509 1522 quos
533 1481 574 1512 ad
599 1481 709 1511 sedem
735 1481 946 1522 apostolicam
973 1481 1155 1517 destinavit.r
1173 1481 1368 1521 apostolatui
1384 1489 1491 1512 nostro
1510 1492 1582 1512 cuni
1602 1483 1752 1513 instantia

95 1535 306 1576 supplicante.
336 1533 422 1575 quod
447 1532 639 1563 electionem
664 1533 703 1563 de
740 1533 808 1573 ipso
845 1533 875 1562 in
911 1543 1021 1573 regem
1053 1532 1271 1562 Romanorum
1304 1533 1333 1562 in
1359 1532 1528 1563 com-ordia
1553 1533 1749 1564 celebratam

95 1586 276 1628 approbare
311 1585 436 1626 sibique
468 1586 592 1627 regiam
621 1585 917 1616 denominationem
943 1585 1126 1615 describere
1157 1593 1188 1615 et
1212 1584 1251 1615 ad
1277 1589 1418 1616 nostram
1448 1585 1594 1616 veniendi
1619 1596 1750 1626 presen-

94 1639 183 1678 tiam,
208 1638 402 1677 unctionem.
427 1638 703 1668 consecrationem
730 1641 761 1667 et
786 1648 937 1667 eoronam
962 1637 1097 1677 imperii.
1123 1637 1250 1667 favente
1273 1636 1421 1668 Domino.
1447 1636 1486 1666 de
1512 1638 1625 1667 nostris
1651 1639 1750 1667 niani-

94 1691 154 1723 bus
177 1694 359 1732 recepturo,
383 1691 547 1731 assignare
573 1690 743 1721 terminum
769 1689 989 1730 dignaremur,
1057 1699 1114 1719 nos
1139 1699 1209 1720 cum
1241 1689 1391 1720 fratribus
1422 1689 1536 1719 nostris
1567 1699 1662 1728 super
1692 1689 1751 1719 hoo

97 1742 330 1774 deliberatione
360 1742 530 1783 prehabita
559 1741 720 1782 diligenti.
751 1747 844 1782 prout
874 1741 953 1771 tanti
978 1741 1099 1781 negotii
1134 1740 1274 1781 gravitas
1309 1740 1477 1780 exigebat.
1509 1749 1540 1770 et
1569 1749 1693 1771 matura
1719 1749 1748 1770 et

96 1795 234 1826 sollicita
261 1793 497 1825 deliberatione
527 1793 692 1824 discussis.
719 1804 779 1834 que
816 1793 845 1822 in
882 1792 1063 1823 huiusmodi
1098 1792 1227 1832 negotio
1261 1792 1441 1832 putarimus
1471 1791 1684 1823 attendenda.
1711 1791 1750 1822 de

97 1846 273 1878 eorundem
304 1845 437 1876 fratrum
469 1845 601 1876 consilio
633 1845 826 1875 electionem
857 1844 994 1875 eandem
1023 1844 1173 1874 duximus
1202 1843 1445 1884 approbandam
1476 1848 1507 1873 et
1539 1843 1597 1873 sibi
1630 1844 1751 1874 ‹lenun-

97 1899 265 1930 tiationem
299 1897 483 1928 huiusmodi
514 1896 694 1927 liberaliter
729 1897 941 1935 ascribentes,
983 1897 1085 1936 ipsum
1122 1906 1233 1935 regem
1269 1895 1486 1926 Romanorum
1525 1895 1752 1935 reputavimus.

97 1950 345 1989 nominavimus,
381 1949 639 1980 denuntiavimus
675 1957 706 1979 et
735 1948 969 1978 declaravimus
1001 1947 1040 1978 de
1070 1948 1203 1978 fratrum
1234 1953 1412 1977 nostrorum
1450 1947 1595 1977 consilio.
1633 1947 1751 1976 iustitia

96 2003 258 2044 exigente.
305 2001 528 2032 Decernentes
551 2000 775 2031 nichilominus
800 2008 831 2029 et
857 2001 954 2030 etiam
979 1999 1182 2030 declarantes
1212 2010 1248 2029 ac
1280 1999 1530 2039 proiuintiautes.
1556 1998 1658 2037 ipsum
1684 1998 1752 2028 fore

96 2054 324 2085 sufficientem.
353 2052 514 2094 ydoneum
546 2055 578 2082 ct
606 2051 747 2082 habilem
780 2051 819 2081 ad
853 2050 1027 2092 imperialis
1057 2051 1255 2081 celsitudinis
1281 2050 1471 2091 dignitatem
1503 2058 1533 2079 et
1559 2051 1751 2080 unctionem.

96 2106 371 2137 consecrationem
395 2108 428 2134 et
451 2103 589 2134 Romani
619 2103 770 2133 diadema
802 2103 926 2144 imperii
959 2113 1015 2143 per
1045 2111 1168 2132 nostras
1199 2101 1319 2132 debere
1345 2101 1476 2131 concedi
1507 2112 1617 2131 manus
1647 2101 1750 2130 eidem

96 2156 166 2188 loco
197 2160 230 2187 et
252 2161 399 2197 tempore
425 2156 599 2197 oportunis.
630 2160 662 2185 et
691 2154 729 2185 ad
759 2155 957 2185 unctionem.
988 2155 1261 2185 consect-ationem
1295 2158 1325 2183 ct
1358 2153 1531 2193 imperialis
1562 2152 1753 2182 diadematis

97 2209 334 2249 susceptionem
366 2207 569 2247 recipiendas
599 2206 638 2237 de
669 2207 783 2237 nostris
815 2206 979 2237 manibus.
1005 2206 1110 2236 divina
1136 2206 1264 2235 fax-ente
1292 2205 1475 2235 clementia.
1501 2212 1620 2233 certum
1647 2203 1750 2233 Iocum

99 2267 130 2291 et
154 2261 324 2291 terminum
349 2259 388 2289 de
413 2259 554 2300 ipsorum
580 2258 714 2288 fratrum
739 2258 870 2288 consilio
896 2268 954 2298 per
977 2257 1056 2287 alias
1082 2261 1205 2287 nostras
1229 2256 1351 2286 litteras
1376 2255 1603 2296 lui-eligentes?

206 2313 250 2351 (3)
275 2310 415 2341 Demum
443 2317 552 2340 autem
584 2321 640 2340 rex
670 2309 833 2350 predictus
865 2320 922 2349 per
946 2309 1026 2339 alios
1050 2319 1123 2338 suos
1149 2308 1274 2337 nuntios
1299 2307 1389 2337 nobis
1414 2306 1592 2345 significare
1618 2306 1748 2336 curavit.

98 2362 184 2403 quod
209 2362 344 2393 subditis
367 2363 432 2392 suis
454 2361 535 2391 infra
554 2361 772 2392 Romanorum
798 2371 930 2401 regnum
957 2359 1135 2400 predic-tuni
1161 2360 1189 2389 in
1216 2358 1358 2398 partibus
1376 2356 1568 2387 Loinbardie
1587 2360 1617 2385 et
1635 2356 1748 2386 'l‘uscic

98 2414 287 2453 constitutis,
312 2423 391 2454 quos
414 2412 533 2443 nedum
559 2412 644 2443 bella
668 2412 783 2451 civilia.
808 2412 863 2442 sed
890 2412 986 2442 etiarn
1010 2412 1190 2441 extrinseca
1209 2410 1348 2446 dissidia.
1375 2409 1511 2439 faciente
1530 2407 1649 2438 malitia
1669 2414 1748 2438 teni-

98 2466 198 2506 poriS‚
222 2465 443 2505 multipliciter
471 2463 682 2503 collidebant.
714 2474 827 2504 pacem
853 2463 947 2502 dare.
973 2474 1028 2503 pro
1055 2463 1130 2502 ipsis
1155 2461 1418 2501 trantpiillitateni
1451 2459 1618 2498 exquirere
1653 2465 1685 2487 et
1709 2458 1748 2488 ad

70 2529 80 2545 r.
98 2516 337 2548 reformandam
366 2516 448 2545 inter
478 2516 564 2555 ipsos
596 2515 799 2545 concordiam
825 2514 976 2545 ardenter
1001 2514 1162 2554 aspirans.
1189 2513 1316 2542 intentis
1342 2510 1547 2541 desiderabat
1572 2509 1748 2540 affectibus.

100 2567 324 2599 inobedientes
348 2567 490 2607 singulos
521 2571 551 2597 et
581 2566 720 2597 rebelles
743 2566 890 2597 Romane
916 2566 1051 2596 ecclesie
1076 2565 1185 2594 matris
1210 2574 1279 2593 suc.
1306 2572 1338 2593 ut
1363 2562 1403 2592 ab
1429 2562 1503 2601 ipsis
1527 2571 1596 2591 euin
1623 2561 1748 2590 bumili-

99 2622 165 2650 tate
198 2623 230 2650 et
254 2619 434 2650 reverentia
460 2617 569 2648 debita
594 2624 689 2658 prout
713 2617 925 2648 conveniebat
948 2617 1133 2647 obediretur
1163 2615 1278 2645 eidem.
1305 2620 1336 2643 et
1361 2613 1430 2642 illos
1456 2624 1510 2652 pro
1537 2613 1603 2641 eius>
1628 2612 1747 2641 honore

99 2670 138 2701 ad
169 2671 267 2711 ipsius
293 2670 428 2701 ecclesie
460 2668 610 2699 mandata
638 2668 814 2699 deducere.
847 2669 978 2709 eiusque
1012 2668 1151 2697 dominio
1184 2666 1353 2705 subiugat-e
1383 2676 1438 2706 pro
1465 2663 1597 2693 viribus.
1628 2672 1657 2692 et
1685 2670 1746 2693 tam

205 2774 228 2806 1)
253 2773 336 2798 larem.
359 2778 377 2804 1,
397 2776 435 2798 11).
520 2772 545 2802 2)
567 2772 607 2802 Cf.
628 2779 709 2803 supra
731 2780 770 2797 nr.
790 2776 847 2796 ’.ψύαι
866 2777 920 2796 2:050.

203 2833 239 2850 LL.
259 2831 471 2850 CONSTlTUTIONES
491 2831 522 2848 W.
1511 2818 1542 2841 ⁴5¹
