2044 3137
61 738 84 758 10

62 998 83 1016 15

61 1691 84 1711 2⁵

61 1954 85 1974 30

62 2211 86 2230 35

62 2470 87 2489 ⁴0

64 2725 88 2744 45

466 173 627 200 HEINRICI
650 174 708 200 vii.
729 174 1051 201 ‹JONSTITUTIONES
1090 175 1163 201 1:311.
1201 175 1247 200 ΧΓ.
1261 177 1319 202 550.
1333 176 1391 202 551.
1689 178 1749 205 505

106 261 282 291 civitatum.
315 271 392 301 quos
417 260 456 290 ol)
482 261 540 290 1100
566 261 606 291 ad
631 262 717 301 regie
743 262 922 292 serenitatis
947 266 1136 302 conspectus
1165 262 1382 292 evocavimus.
1411 262 1576 292 consilium
1602 262 1750 292 duximus

106 311 341 352 requirendum,
367 312 419 352 qui
445 320 567 342 matura
587 312 824 342 deliberacione
843 313 950 353 previa
970 313 1148 353 prefectum
1166 313 1350 353 generalem
1368 324 1424 344 seu
1442 314 1592 344 vicarium
1610 313 1749 345 fidelem.

104 364 383 402 circumspectum,
410 363 568 403 ydoneum
595 371 625 393 01
651 364 820 404 lcgalcxnb.
844 365 999 395 munitum
1024 368 1218 395 armatorum
1243 366 1391 395 comitiva
1416 365 1540 396 decenti
1567 365 1606 395 ad
1632 365 1750 406 guber-

104 413 243 445 nandum
268 420 374 444 nostro
400 415 526 445 nomine
552 424 763 445 memoratam
787 415 983 446 Lonibardie
1008 416 1203 457 provinciam
1229 416 1455 447 instituendum
1481 417 1548 447 fore
1575 418 1751 448 comuniter

104 469 339 506 persuaserunt.
386 465 601 506 Disponentcs
630 467 738 507 itaque
769 478 839 497 cum
869 468 985 498 affectu
1008 468 1164 498 benevolo
1195 472 1260 497 tam
1290 468 1456 508 providum
1487 479 1523 499 ac
1556 469 1749 499 racionabile

104 517 267 548 consilium
292 517 507 558 predictorum
533 518 674 548 fidelium
699 523 877 549 nostrorum
904 522 935 549 et
959 520 1094 560 imperii,
1120 527 1212 559 prout
1236 521 1360 560 negocii
1387 521 1517 560 requirit
1542 521 1749 561 oportunitas,

104 569 274 600 observare
300 573 331 599 et
354 569 525 599 salubriter
547 570 735 610 adimplere.
761 571 959 601 universitati
984 576 1088 601 vestre
1115 571 1307 611 precipimus
1331 576 1362 601 01
1379 571 1577 610 111311113111113,
1603 572 1751 612 quatinus

103 621 144 651 ad
169 621 389 653 ordinandum.
414 621 665 661 promittendum
691 630 722 652 01
747 622 995 652 assecurandum
1013 622 1155 662 plenarie
1182 622 1286 653 eidem
1311 623 1454 663 prefecto
1480 634 1535 653 seu
1554 624 1669 654 vicario
1695 633 1751 664 pro

103 683 136 704 se
162 678 194 703 et
217 673 399 703 hominibus
423 674 487 703 suis
512 673 705 713 stipendium
730 684 790 703 una
817 684 887 704 cum
913 674 982 704 aliis
1007 674 1188 704 civitatibus
1212 675 1300 704 iuxta
1326 675 1568 714 proporcioncm
1594 686 1650 704 vos
1675 685 1749 705 con-

103 725 299 766 tingentemc
331 724 577 765 persolvendum
609 732 640 755 et
673 724 714 755 ad
749 725 812 755 3113
843 725 1022 756 faciendum
1059 729 1090 755 et
1127 725 1383 766 adimplendum.
1421 737 1482 766 que
1518 727 1601 756 circa
1633 726 1750 757 dictum

102 777 270 818 negocium
296 780 453 817 oportuna
478 776 605 815 fuel-inti
631 776 753 817 aliquot
778 787 817 806 ex
835 776 925 807 vobis
943 777 1097 807 discretos
1115 777 1208 817 pleno
1226 777 1376 807 mandato
1396 778 1540 808 suffultos
1565 778 1595 808 in
1613 779 1749 808 crastino

102 828 334 870 purificacionis
366 828 461 859 beate
490 828 630 869 Virginis
655 829 800 868 proxime
827 829 1042 859 transmittere
1073 829 1189 859 curetis
1218 828 1257 858 ad
1292 834 1397 859 nostre
1429 830 1627 870 presenciam
1652 830 1751 860 maic—

102 881 202 919 statis,
227 884 292 911 tam
317 880 550 911 sufficientemd
575 880 732 910 habentes
757 881 996 911 alletoritatem.
1030 879 1115 920 quod
1144 891 1200 920 pro
1232 882 1475 911 assecuracione
1505 881 1653 921 stipendii
1679 892 1751 922 prc-

102 933 197 964 misso
223 933 340 963 vicario
365 933 493 973 suisque
518 932 700 963 hominibus
724 931 820 962 dandi
849 942 885 963 ac
916 932 986 962 aliis
1018 931 1059 962 ad
1088 932 1147 962 hoc
1179 933 1340 973 oportunis
1370 933 1484 962 iterato
1509 943 1564 963 vos
1589 933 1751 973 requirere

103 995 165 1015 non
189 985 353 1026 contingat
377 985 508 1015 nuncios
533 989 737 1015 memoratos.

209 1045 283 1076 Dat.
308 1045 339 1075 in
363 1044 558 1081 Mediolano,
583 1044 726 1075 XVIIII.
746 1044 859 1074 Kalen.
885 1043 1049 1075 Februar..
1076 1044 1165 1085 regni
1190 1045 1289 1074 nostri
1313 1054 1395 1073 anno
1421 1045 1530 1074 tercio.

364 1197 440 1230 551.
465 1198 489 1230 S
498 1197 764 1230 YNDICATUS
792 1198 838 1230 CI
846 1197 1031 1229 I'ITATJS
1052 1197 1309 1230 PAPJENSIS.
1356 1198 1428 1229 Ian.
1447 1200 1497 1228 115¹.

210 1267 325 1299 Denuo
349 1267 538 1299 contulimus
563 1267 795 1307 autoyraphon,
819 1268 901 1307 quod
924 1271 1068 1298 servatur
1094 1267 1232 1298 Tam-ini
1255 1268 1287 1297 *in
1313 1267 1472 1298 tabulario
1495 1268 1578 1307 reyio
1602 1267 1753 1308 ‘De‘plomi

103 1319 263 1359 imperiali
286 1320 398 1351 ΖΙΙαεΞο
421 1322 442 1350 3
465 1330 513 1350 nr.
532 1321 559 1349 (Γ
583 1320 753 1359 se'ynatum.
799 1320 841 1350 In
864 1320 926 1358 fine
949 1319 1094 1350 mutilum
1118 1322 1171 1350 est.
1213 1319 1326 1350 Edidit
1350 1318 1527 1358 Doenniyes
1551 1320 1640 1350 ‘Acta
1666 1319 1752 1350 Hen-

102 1372 164 1403 τίετ’
186 1371 272 1403 VIL’
296 1372 342 1409 II,
361 1373 422 1402 136
445 1372 562 1403 222215.
1463 1370 1515 1410 (P.
1540 1371 1646 1410 deest.)

213 1466 256 1506 (S.
274 1467 327 1506 N.)
351 1467 444 1498 Anno
470 1477 487 1497 a
512 1467 678 1497 nativitate
697 1466 824 1497 Domini
851 1466 1019 1498 millesimo
1041 1467 1256 1497 tricentesimo
1274 1466 1452 1498 undecimo.
1478 1466 1635 1496 indicione
1660 1476 1753 1497 nona.

104 1519 155 1550 die
179 1519 271 1550 Lune
297 1519 421 1550 decimo
446 1522 559 1550 octavo
577 1520 696 1550 mensis
713 1519 861 1550 Ianuarii.
886 1519 915 1549 in
934 1519 1036 1559 Papia
1061 1529 1157 1559 super
1181 1518 1304 1559 palacio
1330 1518 1471 1548 comunis
1496 1518 1631 1548 civitatis
1656 1518 1753 1558 ipsius

103 1575 300 1612 congregato
326 1575 358 1602 et
381 1569 585 1613 00311111111310
611 1570 760 1601 conscilio
790 1571 876 1601 mille
902 1570 1183 1601 010(10111131101-11111
1209 1580 1265 1600 ¹<cu
1290 1569 1493 1600 decurionum
1520 1570 1656 1600 civitatis
1680 1580 1752 1610 prc-

104 1623 197 1662 dicte⁷
221 1624 253 1654 in
276 1623 441 1664 presencia
466 1623 582 1653 nobilis
599 1623 655 1653 viri
675 1622 793 1653 domini
811 1622 995 1653 Pelavecini
1019 1622 1210 1652 marchionis
1227 1621 1412 1651 Pclavccini
1428 1622 1537 1651 vicarii
1561 1621 1753 1652 serenissimi

105 1675 224 1706 domini
247 1675 380 1706 Henrici
404 1675 466 1706 Dei
490 1675 593 1716 gratia
618 1674 836 1705 Romanorum
862 1675 946 1715 regis
971 1682 1002 1704 et
1026 1684 1154 1714 semper
1178 1674 1304 1713 augusti
1335 1673 1364 1703 in
1388 1672 1500 1713 Papia.
1552 1673 1619 1703 Iam
1645 1673 1752 1713 scripti

104 1727 304 1759 credendarii
325 1737 480 1758 consensu
505 1730 536 1758 et
558 1727 772 1757 affirmatione
796 1726 859 1756 iam
877 1727 986 1767 scripti
1004 1725 1122 1756 domini
1139 1725 1247 1755 vicarii
1273 1728 1304 1755 01
1329 1725 1396 1754 eius
1413 1724 1603 1754 auctoritate
1621 1725 1754 1764 prestita

103 1781 232 1811 nomine
258 1784 290 1810 et
313 1780 382 1810 vice
407 1780 549 1810 comunis
572 1779 676 1819 Papie
701 1779 944 1817 constituerunt7
970 1777 1197 1808 ordinaverunt
1227 1780 1258 1806 et
1287 1776 1433 1806 fecerunt
1457 1775 1627 1806 discretum
1653 1776 1753 1806 virum

105 1832 268 1862 dominum
291 1831 461 1862 Albertum
488 1831 527 1862 de
545 1830 647 1862 Codio
671 1831 888 1871 iurisperitum
914 1836 945 1860 et
970 1830 1071 1860 civem
1088 1828 1190 1869 Papie
1209 1838 1320 1858 eorum
1345 1831 1377 1857 ct
1401 1827 1476 1857 dicti
1493 1828 1635 1857 comunis
1652 1827 1752 1868 Papio

103 1885 266 1921 3113011113,
291 1883 472 1924 syndicqu
498 1888 662 1914 auctorem
688 1886 720 1914 et
743 1890 984 1923 procuratorem
1010 1887 1041 1911 01
1065 1879 1215 1921 quicquid
1239 1879 1353 1910 melius
1377 1889 1447 1909 esse
1472 1883 1578 1919 potest
1601 1878 1640 1908 ad
1666 1889 1751 1909 com—

103 1935 282 1977 parendum
307 1940 339 1967 et
362 1935 403 1966 ad
427 1946 461 1966 se
486 1934 737 1976 presentandum
762 1934 890 1964 nomine
920 1933 995 1963 dicti
1026 1932 1167 1963 comunis
1191 1931 1293 1972 Papio
1319 1941 1424 1961 coram
1450 1930 1652 1960 serenissimo
1677 1941 1754 1971 rege

105 1987 232 2018 domino
257 1987 397 2018 Henrico
414 1987 476 2018 Dei
500 1987 603 2028 gratia
620 1986 839 2017 Romanorum
865 1995 941 2026 rege
967 1991 999 2015 et
1023 1995 1129 2015 coram
1148 1983 1360 2013 illustrissimo
1376 1983 1442 2012 viro
1461 1982 1588 2012 domino
1607 1982 1754 2013 Amadeo

105 2040 221 2071 comite
247 2039 400 2070 Sabaldie
426 2044 458 2069 et
481 2039 600 2069 vicario
626 2038 768 2079 generali
793 2037 929 2078 predicti
954 2036 1074 2067 domini
1098 2036 1184 2075 regis
1208 2035 1238 2065 in
1264 2033 1461 2065 Lombardia
1487 2034 1653 2064 occasione
1678 2034 1754 2064 talio

104 2092 169 2122 sive
193 2091 405 2132 impositionis
428 2090 576 2122 faciende
600 2090 651 2121 vel
676 2091 738 2121 iam
764 2089 848 2120 facte
874 2087 1091 2128 susscipiende
1126 2086 1165 2117 de
1190 2087 1336 2127 portione
1368 2085 1451 2116 dicto
1483 2086 1608 2116 comuni
1633 2087 1754 2116 contin-

103 2144 191 2185 genti
222 2154 263 2174 ex
292 2143 446 2174 militibus
477 2142 634 2183 impositis
657 2142 707 2172 vel
738 2140 940 2182 imponendis
970 2139 1165 2177 civitatibus,
1189 2138 1267 2168 locis
1292 2142 1324 2168 01
1349 2138 1439 2168 terris
1463 2137 1668 2168 Lombardie.
1715 2137 1755 2167 Et

105 2195 147 2227 ad
171 2195 451 2227 eonscentiendum
476 2195 604 2225 nomine
629 2194 705 2224 dicti
722 2194 865 2224 comunis
882 2192 984 2232 Papie
1009 2202 1115 2222 coram
1135 2190 1225 2221 dictis
1243 2190 1378 2220 dominis
1395 2199 1472 2229 rege
1498 2192 1529 2219 ct
1555 2190 1621 2219 eius
1638 2189 1754 2219 vicario

104 2248 304 2289 imposicioni
335 2247 410 2277 talie
441 2247 582 2288 ipsorum
612 2245 749 2276 militum
779 2248 811 2276 et
840 2244 881 2275 ad
910 2245 1012 2284 ipsam
1047 2243 1288 2283 imposicionem
1317 2240 1535 2271 ratificandam
1567 2251 1621 2270 scu
1653 2244 1754 2270 ratam

105 2298 286 2330 habendam
323 2304 354 2329 et
393 2298 433 2329 ad
469 2297 678 2339 probandam.
734 2297 775 2327 Et
805 2296 845 2327 ad
878 2295 1116 2336 promitcndum
1150 2301 1182 2324 et
1213 2293 1420 2333 obligandum
1457 2302 1490 2321 se
1521 2293 1647 2322 nomine
1679 2291 1754 2321 dicti

105 2351 246 2382 comunis
263 2350 364 2391 Papie
383 2355 415 2381 et
439 2350 478 2380 ad
503 2350 566 2380 alia
583 2349 723 2390 gerenda
748 2352 781 2379 et
798 2347 954 2386 facienda⁷
979 2345 1181 2388 promitenda
1206 2350 1238 2375 ct
1254 2343 1445 2385 stipulanda.
1471 2354 1532 2384 que
1558 2344 1587 2373 in
1605 2343 1755 2383 predictis

106 2406 137 2434 et
154 2403 236 2433 cIrea
252 2401 397 2443 predicta
418 2402 536 2432 fuerint
557 2406 723 2442 oportuna.
763 2401 846 2431 Item
871 2403 903 2430 et
927 2399 967 2429 ad
986 2399 1208 2429 excusationes
1233 2402 1264 2426 01
1283 2396 1496 2426 ‹leffcnsiones
1521 2395 1604 2425 dicto
1629 2395 1754 2425 comuni

105 2454 207 2495 Papie
233 2457 452 2495 competentes
468 2453 703 2494 proponendas.
729 2451 910 2494 probandas
936 2457 967 2481 et
988 2449 1227 2480 hostendendas
1253 2458 1358 2477 coram
1385 2446 1468 2477 dicto
1493 2446 1620 2477 domino
1638 2447 1753 2477 vicario

105 2506 168 2536 iam
199 2506 307 2546 scripti
343 2505 461 2535 domini
493 2506 577 2545 regis
614 2505 646 2535 in
680 2503 877 2535 Lombardia
913 2506 1021 2533 contra
1061 2501 1223 2542 querelam
1258 2498 1373 2529 factam
1412 2498 1451 2528 110
1491 2499 1614 2528 0011111111
1652 2498 1754 2538 Papio

107 2567 213 2588 coram
238 2557 321 2588 dieto
347 2557 476 2587 domino
501 2557 617 2587 comite
643 2556 794 2587 Sabaldie
819 2566 877 2596 per
900 2554 1031 2585 Petrum
1061 2553 1100 2583 de
1126 2551 1283 2582 Herbesio
1310 2550 1348 2580 dc
1376 2549 1562 2581 Chamberi.
1587 2550 1753 2580 occasione

107 2613 264 2640 certorum
281 2609 435 2640 billonum
460 2619 516 2639 seu
533 2609 738 2648 boc-onerum,
764 2611 858 2649 prout
882 2607 912 2636 in
936 2606 1005 2646 ipsa
1024 2604 1154 2645 querela
1173 2603 1286 2633 dicitur
1303 2602 1466 2632 contineri.
1503 2601 1541 2631 Et
1566 2601 1605 2631 ad
1624 2612 1753 2642 presen-

106 2661 237 2692 tandum
256 2665 288 2692 et
305 2660 553 2701 comparendum
572 2661 698 2691 nomine
717 2660 791 2691 dicti
809 2658 951 2689 comunis
970 2657 1071 2696 Papic
1097 2665 1203 2686 coram
1222 2654 1358 2684 discreto
1377 2654 1442 2683 viro
1468 2653 1595 2683 domino
1614 2652 1753 2683 Homine

108 2712 147 2743 de
165 2712 317 2743 Peretulo
335 2713 498 2753 preposito
523 2711 563 2742 de
581 2711 697 2742 Senalo
716 2711 847 2742 doctore
866 2709 1079 2741 decretorum.
1105 2716 1269 2737 causarum
1289 2704 1426 2735 civilium
1444 2704 1515 2735 aule
1535 2704 1608 2735 dicti
1634 2704 1751 2735 domini

209 2806 273 2832 550·
293 2805 317 2834 b)
336 2807 362 2831 in
382 2807 435 2831 loco
455 2815 514 2830 raso
534 2815 571 2830 or.
661 2810 681 2827 01
703 2806 808 2837 eonting
827 2806 851 2829 in
873 2806 926 2830 loco
947 2813 1005 2828 ram
1026 2812 1062 2827 ον.
1151 2799 1173 2824 (1,
1194 2806 1243 2825 tem
1265 2800 1289 2824 in
1310 2800 1362 2824 [oc-u
1383 2808 1441 2824 raso
1461 2808 1497 2824 or.

211 2866 246 2882 11.
266 2865 475 2883 (ιοκετιτῑτιοῑςες
496 2865 528 2882 iv.
1517 2850 1547 2876 64

1765 788 1827 808 Febr.
1841 790 1859 809 3.
