2044 3137
160 1798 241 1819 ,'=1v.·.1
255 1814 258 1817 .

304 158 354 187 332
646 150 810 177 lli-:INl-:lffl
832 150 892 176 Vll.
913 147 1235 176 CONSTI'J'UTIONES.
1273 147 1347 175 1310.
1384 147 1504 174 Nrassss.
1523 148 1580 175 419.

295 248 325 271 ot
349 241 498 281 gloriam.
533 240 561 269 in
591 239 677 268 cuius
708 247 802 267 manu
827 242 897 267 sunt
926 235 1065 266 onmium
1091 235 1268 276 principum
1292 238 1485 275 potestates,
1517 235 1570 275 qui
1598 244 1655 275 pro
1680 234 1783 266 salute
1807 235 1935 266 humani

294 293 418 330 generis
447 291 606 331 proprium
639 289 824 329 sanguinem
854 287 1018 318 effundere
1051 286 1199 327 dignatus
1227 289 1289 325 est,
1320 290 1352 317 et
1379 285 1518 327 gloriose
1543 285 1672 326 virginis
1695 285 1796 317 Mai-ie
1825 287 1936 318 matris

294 345 359 373 vius
384 343 547 382 tociusque
571 341 698 371 celestis
722 340 808 370 curie
833 350 893 379 ego
910 338 1093 369 Bernardus
1118 338 1157 369 de
1174 337 1317 369 Mercato
1343 337 1383 369 de
1400 337 1514 368 Yanna
1534 337 1688 368 Bellieen.
1714 337 1804 379 dyoc.
1829 348 1935 370 sacro-

293 400 400 425 sancte
432 394 576 424 Romane
612 392 747 423 ecclesie
782 402 818 422 ac
853 391 933 422 sacri
970 391 1094 431 imperii
1127 390 1318 421 auctoritate
1353 390 1495 420 notarius
1528 389 1674 431 publicus
1709 389 1750 420 de
1784 390 1935 421 mandato

293 446 481 477 serenissimi
508 445 656 485 principis
681 443 800 474 domini
823 443 955 473 Hem-ici
979 441 1039 472 Dei
1064 441 1168 482 gratia
1184 441 1402 472 Romanorum
1427 442 1511 482 regis
1535 451 1662 482 semper
1686 443 1823 483 augusti,
1848 442 1936 474 cuius

293 497 448 528 ordinatio
479 501 543 526 tam
568 500 661 526 cauta
686 506 779 536 quam
805 493 937 535 provida
966 504 1023 534 per
1047 503 1169 524 moram
1193 492 1340 533 impediri
1364 503 1427 523 non
1451 492 1562 532 debet,
1592 504 1631 524 ne
1656 493 1742 534 quod
1765 493 1936 525 salubriter

292 552 414 579 constat
438 558 507 578 esse
532 547 730 587 dispositum,
758 556 815 586 per
839 545 998 576 tarditatis
1022 544 1136 575 vicium
1161 545 1301 575 incurrat
1324 544 1537 583 obstaculum,
1562 544 1795 585 infrascriptum
1820 545 1936 576 librum

292 605 381 641 gesta
414 605 446 630 et
476 599 666 630 documenta
697 598 784 628 varia
813 597 1028 628 continentem
1058 595 1162 627 officio
1195 595 1307 626 sedulo
1335 595 1441 627 studui
1475 606 1658 637 preparare.
1738 598 1782 636 (2)
1811 596 1848 627 In
1872 607 1935 638 quo

292 653 396 683 ‹livina
420 651 571 681 affluente
597 650 781 687 clementia,
807 659 867 690 que
892 649 1015 689 linguas
1039 648 1201 678 hominum
1227 647 1302 678 facit
1327 658 1396 679 esse
1422 647 1571 688 disertas,
1595 648 1775 689 reperietur
1798 648 1936 680 fecunda

292 704 458 734 vorborum
490 702 633 743 plantata
664 712 758 741 seges
787 705 819 731 et
852 700 988 731 fructum
1019 699 1180 730 mentibus
1211 699 1332 730 tociens
1364 700 1585 731 suavissimum
1620 699 1748 740 reddet,
1784 700 1935 742 quociens

291 755 483 786 desiderium
513 754 641 784 lectoris
670 764 727 783 sua
757 753 826 783 iura
855 752 1017 793 querentis
1049 752 1190 782 inveniet
1218 755 1384 792 oportuna.
1429 751 1492 782 Hie
1519 752 1616 783 etiam
1645 751 1862 793 appellabitur
1888 753 1935 784 rei

291 807 416 848 publice
440 817 476 837 ae
501 806 709 836 humanorum
734 808 861 835 actuum
887 814 1016 834 servans
1039 803 1150 843 fidem,
1180 804 1395 834 testimonium
1419 803 1530 844 fidele,
1554 805 1781 845 preteritorum
1805 804 1934 846 loquax,

291 858 483 889 oblivionum
509 858 661 888 inimicus.
708 856 790 887 Nam
815 856 954 887 humana
978 856 1143 896 memoria,
1167 855 1192 886 si
1217 865 1329 886 causas
1352 856 1499 894 retineat,
1524 855 1623 887 verba
1645 856 1834 898 plerumque
1860 866 1934 888 con-

290 913 391 940 mutat
416 913 447 941 et
474 909 587 951 legalis
612 909 728 939 sanesit
751 908 939 948 auctoritas,
969 907 1055 948 quod
1085 907 1126 938 de
1154 907 1301 938 humanis
1329 907 1454 939 actibus
1486 907 1558 939 ideo
1589 907 1668 938 fiunt
1699 909 1869 949 scripture,
1899 911 1935 939 ut

290 961 373 1003 quod
397 965 503 992 actum
528 965 588 997 est,
620 971 677 1001 per
701 970 755 991 eas
779 959 902 990 facilior
925 958 1078 989 reddatur
1101 958 1259 1000 probatio.
1306 958 1369 990 Hic
1395 962 1504 990 autem
1529 962 1596 990 tute
1621 962 1767 1000 ponetur,
1792 963 1824 990 et
1847 959 1934 1001 quod

291 1024 417 1054 semper
441 1013 598 1054 equaliter
621 1012 769 1043 audietur
793 1022 811 1042 a
835 1011 969 1042 subditis
994 1014 1025 1042 et
1049 1010 1134 1052 quod
1158 1010 1278 1042 ibidem
1302 1011 1455 1052 seriptum
1480 1010 1590 1050 fuerit,
1615 1011 1675 1043 erit
1698 1010 1837 1052 quadam
1861 1021 1934 1052 per-

291 1066 446 1105 petuitate
477 1068 651 1104 servatum,
683 1068 714 1094 et
745 1064 826 1094 inter
854 1063 1007 1094 mortales
1037 1066 1102 1093 tam
1131 1063 1214 1095 eirca
1246 1063 1315 1093 iura
1343 1062 1463 1094 fiscalia
1487 1073 1582 1104 quam
1613 1063 1738 1104 privata
1762 1062 1935 1094 deffectum

290 1117 443 1147 memorie
468 1116 626 1157 ignorabit
656 1126 693 1146 ae
717 1126 821 1146 annua
848 1125 976 1155 semper
1003 1114 1217 1146 cumulatione
1247 1118 1408 1155 augescet.
1455 1114 1497 1145 Et
1519 1125 1602 1145 nova
1628 1115 1711 1155 iura,
1742 1113 1935 1146 documenta

291 1174 322 1199 et
346 1172 437 1209 gesta
460 1168 588 1209 publiea
613 1178 707 1208 qnam
731 1167 855 1208 privata
878 1167 1033 1207 aecipiet³
1064 1166 1182 1207 iugiter
1206 1166 1324 1207 illaque
1354 1167 1399 1197 sie
1423 1166 1594 1208 diligenter
1617 1169 1752 1208 accepta
1776 1166 1935 1198 custodiet

290 1221 329 1251 ad
355 1221 506 1251 honorem
532 1220 629 1260 ipsius
653 1219 842 1249 serenissimi
869 1218 1019 1259 principis
1041 1228 1079 1249 ac
1108 1219 1382 1249 conservationem
1412 1221 1513 1249 status
1542 1221 1574 1249 et
1596 1218 1712 1249 iurium
1735 1218 1780 1250 rei
1806 1218 1934 1259 publice

291 1284 411 1303 necnon
440 1275 470 1302 ot
498 1271 711 1302 subiectorum
739 1271 819 1301 sacri
844 1270 980 1301 Romani
1007 1271 1143 1311 imperii.
1190 1269 1268 1301 Erat
1292 1271 1376 1302 enim
1400 1269 1602 1310 indecorum,
1635 1270 1747 1301 doctos
1771 1280 1934 1302 sermones

291 1329 322 1355 ot
346 1328 435 1365 gesta
461 1323 593 1364 provida
617 1324 694 1354 tanti
721 1323 870 1364 principis
893 1323 1002 1361 variis,
1026 1322 1144 1363 sparsis
1168 1325 1199 1353 et
1222 1321 1409 1353 inordinatis
1432 1323 1596 1363 scripturis
1620 1323 1825 1362 conmittere,
1849 1321 1935 1363 quod

290 1387 345 1406 sua
369 1376 504 1406 solercia
528 1374 660 1416 provida
683 1375 823 1405 invenire
848 1374 954 1405 studet
977 1384 1014 1405 ac
1038 1373 1159 1404 studuit
1182 1375 1378 1405 incessanter
1402 1377 1434 1405 et
1457 1375 1487 1404 in
1510 1374 1649 1405 futurum
1665 1373 1736 1405 Deo
1753 1373 1834 1405 duce
1859 1383 1933 1405 con-

291 1428 418 1458 tinuatis
443 1430 474 1457 et
498 1427 665 1457 indefessis
689 1426 801 1457 studiis
824 1426 1002 1466 adimplere
1027 1426 1159 1457 curabit.
1206 1425 1248 1457 Et
1272 1426 1332 1457 erit
1355 1426 1397 1456 ad
1421 1425 1612 1457 invenienda
1636 1425 1774 1465 subtilis,
1804 1425 1845 1456 ad
1873 1426 1932 1457 im-

290 1479 407 1520 plenda
431 1479 590 1518 robustus,
623 1478 662 1509 ad
688 1478 823 1510 celanda
847 1478 1060 1519 cautissimus,
1090 1477 1176 1519 apud
1199 1488 1294 1519 quem
1319 1478 1350 1508 in
1374 1481 1442 1509 tuto
1468 1479 1642 1519 reponentb
1667 1478 1769 1508 omnis
1793 1477 1932 1518 devotio,

289 1531 373 1572 quod
398 1534 548 1561 moretur.

395 1585 439 1621 (3)
464 1584 515 1613 Sic
540 1583 634 1623 igitur
659 1594 719 1625 ego
743 1582 926 1613 Bernardus
951 1582 990 1613 ‹le
1008 1581 1150 1613 Mercato
1169 1581 1212 1621 (S.
1226 1580 1279 1621 N.)
1296 1581 1438 1611 notarius
1461 1581 1694 1622 suprascriptus
1718 1580 1758 1612 de
1781 1580 1933 1612 mandato

289 1635 458 1675 supradicti
494 1635 610 1665 domini
648 1635 732 1675 regis
763 1635 869 1665 onmia
903 1635 1113 1665 instrumenta
1143 1637 1174 1665 et
1209 1637 1281 1664 acta
1311 1633 1454 1674 publica,
1490 1643 1552 1674 que
1586 1636 1743 1674 perpetua
1776 1633 1933 1665 memoria

289 1686 440 1727 indigent.
466 1687 566 1727 ipsum
585 1686 746 1717 dominum
772 1697 881 1725 regem
907 1690 939 1717 et
962 1696 1087 1716 sacrum
1104 1685 1283 1716 Romanum
1308 1685 1477 1726 imperium
1503 1685 1667 1725 tangentia
1684 1685 1778 1724 facta,
1802 1688 1934 1726 recepta

289 1742 319 1769 ct
343 1742 453 1769 notata
477 1742 507 1769 et
532 1748 593 1779 que
618 1739 703 1777 fient,
729 1739 922 1778 recipie-ntur
946 1741 979 1769 et
1001 1737 1195 1768 notabuntur
1212 1741 1276 1768 tam
1301 1748 1358 1778 per
1381 1747 1431 1768 me
1450 1746 1544 1778 quam
1569 1747 1627 1778 per
1643 1740 1767 1767 ceteros
1790 1737 1931 1768 notarios

288 1801 375 1820 sacro
401 1790 498 1830 ipsius
516 1790 634 1820 domini
651 1790 736 1829 regis
752 1800 878 1821 camere
903 1800 921 1820 a
938 1790 1088 1821 vicesima
1106 1789 1157 1821 die
1174 1789 1292 1820 mensis
1309 1788 1492 1822 Novembr..
1518 1799 1599 1819 anno
1616 1787 1745 1819 Domini
1761 1787 1930 1820 millesimo

288 1842 502 1872 triventosimo
528 1841 668 1881 decimo,
700 1852 761 1882 qua
791 1841 842 1872 «lie
871 1841 955 1872 idem
987 1841 1133 1872 dominus
1163 1852 1219 1872 rex
1248 1852 1299 1872 me
1331 1841 1362 1871 in
1391 1841 1549 1871 notarium
1574 1850 1629 1871 sue
1660 1850 1785 1872 camere
1809 1841 1932 1881 recepit

291 1894 440 1932 iuratum,
476 1904 513 1924 ea
543 1893 691 1924 videlicet
722 1904 783 1934 que
821 1893 861 1924 ad
889 1894 1038 1924 noticiam
1070 1903 1176 1924 ineam
1206 1896 1421 1934 pervenerunt
1452 1896 1484 1923 et
1515 1893 1702 1933 pervenient
1731 1892 1762 1922 in
1790 1892 1931 1933 presenti

289 1944 368 1974 libro
392 1944 462 1975 Deo
487 1945 661 1975 auxiliante
686 1945 846 1985 conpilare
871 1956 1025 1986 propono,
1050 1944 1145 1975 nichil
1169 1945 1278 1976 addito
1304 1945 1354 1976 vel
1379 1949 1502 1976 remoto
1527 1949 1636 1986 preter
1659 1949 1820 1987 punctum,
1844 1945 1929 1977 litte-

290 2006 355 2027 ram
381 2000 434 2026 aut
459 1996 613 2032 sillabain,
639 2000 769 2037 propter
794 1996 877 2037 quod
903 1998 946 2027 rei
973 1997 1131 2028 sus-tancia
1155 2008 1217 2028 non
1241 2000 1392 2037 mutetur,
1415 1997 1473 2028 sub
1498 1997 1557 2028 hoe
1582 1998 1671 2039 signo
1696 2007 1778 2028 meo.

528 2267 774 2319 tui—ise.
817 2266 1145 2319 SCRIPTA
1183 2266 1286 2319 AD
1326 2264 1695 2320 HOMAGIA

468 2351 564 2403 ET
613 2351 1192 2405 INVESTITURAS
1239 2351 1750 2406 SPEGTANTIA.

895 2454 1000 2489 1310.
1043 2453 1326 2490 Noveram.

564 2570 639 2601 472».
674 2571 929 2603 FIDELJTAS
956 2570 1145 2603 COMITJs
1175 2572 1461 2604 SARAIfDmE.
1507 2572 1652 2603 Nor.24.

400 2638 606 2677 J¹t⁴t12w11smus
636 2651 671 2669 m:
700 2640 718 2669 J
751 2640 842 2669 Lim-0
869 2641 1159 2671 imbret-iaturarum
1194 2640 1352 2671 Rerum-di
1379 2642 1407 2671 <If
1438 2641 1593 2679 chrcalo,
1629 2641 1665 2671 (Ie
1691 2650 1751 2680 quo
1783 2650 1806 2671 v.
1831 2649 1929 2679 supra

291 2689 332 2717 «ml
356 2700 401 2719 nr.
427 2691 603 2723 jas—nn,
623 2691 678 2730 fol.
699 2693 724 2721 1.
766 2691 823 2721 J-Jst
850 2692 890 2721 ihi
914 2692 1059 2722 ruhrmn:
1084 2691 1132 2723 Dc
1157 2692 1312 2723 fidelitate
1339 2697 1369 2723 et
1394 2693 1578 2724 investitura
1605 2692 1728 2724 comitis
1752 2689 1927 2723 Sabaudie:

398 2781 456 2807 ιῗὶ.
486 2790 495 2799 *⁴
528 2786 647 2816 :ivwipionr
673 2785 698 2808 ll,
807 2786 829 2811 ’ἡ
852 2788 883 2809 «fv
907 2787 933 2809 li.

1954 710 1979 730 10

1954 968 1978 987 15

1953 1224 1978 1244 20

1951 1482 1976 1502 25

1949 1741 1976 1761 80

1949 2003 1975 2023 35

1947 2654 1973 2674 40
