2071 3132
454 145 617 172 HEINRICI
638 146 698 171 VH.
719 145 1044 172 (·‹3NST1'FUT1‹T›NEs.
1084 146 1156 172 1310.
1195 145 1242 171 Nr.
1256 145 1314 171 3625.
1650 147 1704 176 311

168 232 204 262 111
228 232 355 262 nomine
380 233 509 262 Domini
533 244 635 264 amen.

167 284 259 314 Anno
296 283 441 314 eiusdem
466 284 596 316 Domini
627 287 796 317 millesimo
827 285 952 324 CCCX,
981 285 1155 315 indictione
1181 285 1276 315 VIII.
1314 285 1365 315 (lie
1390 284 1560 315 Dominieo
1599 284 1710 314 ultimo

62 336 178 366 mensis
211 334 320 365 Madii.
419 335 624 367 Yeuerabilis¹
660 337 846 368 Gerhardus
883 337 1151 368 ConstantiensiS.
1188 336 1324 367 Sifridus
1360 336 1521 367 Cui-iensis
1557 337 1710 377 episcopi.

62 393 206 419 strenuus
230 387 322 418 miles
346 387 527 428 Hugolinus
553 389 592 420 (10
617 390 732 420 Vis-hio
758 394 790 420 et
814 390 972 420 I-Ienrieus
997 389 1036 419 de
1062 389 1229 429 Ralvengo
1255 390 1330 419 civis
1355 389 1514 420 Astensis.
1545 388 1710 419 ambassa-

37 454 47 472 5
62 444 146 471 tores
170 442 202 470 et
219 444 444 480 procuratores
458 442 653 472 serenissimi
670 442 790 472 domini
808 442 941 472 IIenrici
957 441 1176 471 Romanorum
1195 442 1279 481 regis
1297 442 1327 471 in
1344 440 1487 482 partibus
1503 440 1710 471 Lombardie.

60 492 91 523 in
122 491 282 532 presentia
310 491 425 521 nobilis
449 493 505 522 viri
539 492 658 523 domini
683 493 821 524 Com-adi
857 493 896 523 (10.
925 492 1041 523 Sancto
1073 493 1232 523 Michaele
1265 493 1434 533 potestatis
1459 492 1581 523 Gasalis
1611 493 1710 522 sancti

61 543 210 574 Gervassi
242 547 273 573 et
306 543 382 573 cleri
413 548 444 573 et
473 544 594 584 populli
627 544 701 575 dicti
727 545 799 575 loc-ii
831 545 871 575 ad
903 545 961 574 hoc
993 555 1063 575 cum
1093 544 1274 585 pulsatione
1299 555 1455 585 campane
1481 548 1513 575 et
1536 555 1614 575 voce
1638 554 1711 585 pre-

60 596 146 627 conis
181 600 442 626 convocatorum.
479 606 518 626 ex
556 600 646 637 parte
681 597 798 637 prefati
835 596 954 627 domini
990 597 1074 635 regis
1105 600 1342 637 proposuerunt
1381 597 1485 626 omnia
1523 600 1554 626 et
1589 595 1709 636 singula

59 648 275 688 infrascripta:

18 710 42 729 m
215 703 238 730 1.
274 699 311 729 In
343 700 453 739 primis
478 700 705 730 intimaverunt
733 711 790 731 seu
813 700 1058 730 notificaverunt
1087 699 1259 730 adventum
1291 700 1407 740 prefati
1432 699 1551 730 domini
1576 700 1713 740 impera-

103 752 189 791 toris.
213 751 299 792 quod
324 752 385 781 erit
407 751 448 781 ad
473 751 594 782 tardius
616 752 696 782 infra
723 752 794 782 hine
820 761 852 782 et
876 751 993 782 festum
1018 751 1105 781 beati
1130 751 1297 782 Michaelis
1320 762 1402 782 1111110,
1420 752 1566 792 proxime
1591 751 1711 782 adveu-

102 806 206 834 turum
239 813 280 834 ex
311 804 371 833 ista
399 808 491 844 parte
522 805 677 834 montium
707 804 920 844 personaliter
948 804 1147 833 constitutus.
1198 803 1302 834 Maior
1330 807 1438 834 tamen
1466 814 1540 844 pars
1569 803 1711 844 gentium

103 865 231 886 suarum
256 855 316 885 erit
341 865 381 885 ex
406 855 466 885 ista
490 863 582 896 parte
606 856 763 886 montium
788 856 867 885 infra
892 855 988 885 finem
1011 855 1130 885 mensis
1146 856 1284 896 Augusti
1308 866 1389 885 nune
1407 855 1552 895 proxime
1578 855 1711 885 venturi.

212 908 240 937 2.
278 907 359 937 Item
385 907 620 947 requisiverunt
646 918 686 937 ex
710 911 802 948 parte
828 907 904 937 dieti
929 906 1048 937 domini
1072 907 1275 947 imperatoris
1300 911 1332 937 et
1356 907 1602 938 mamlaverunt.
1628 907 1713 947 quod

19 972 41 990 1⁵
104 959 221 1001 prefati
245 959 393 989 domiuus
410 964 554 1000 potestas
579 964 611 990 et
633 970 767 990 comune
786 959 941 1000 recipiant
959 958 1079 989 dietum
1100 969 1212 999 regem
1230 960 1295 989 sive
1314 960 1543 999 imperatorem
1560 963 1593 989 ut
1611 958 1712 989 domi-

101 1022 176 1042 num
201 1021 311 1041 eorum
338 1015 369 1041 et
394 1011 479 1051 quod
503 1012 532 1041 ei
557 1011 711 1042 obediant
735 1015 767 1041 et
791 1011 967 1041 intendant.
992 1018 1027 1041 ut
1052 1014 1210 1041 tenentur.

210 1066 238 1095 3.
264 1064 347 1094 Item
372 1063 615 1103 mandaverunt,
640 1063 727 1104 quod
751 1074 823 1094 011111
849 1063 995 1094 dominus
1020 1074 1077 1093 rex
1102 1063 1363 1103 ι(11011111101111111·
1387 1063 1446 1093 erit
1471 1073 1513 1093 ex
1537 1063 1597 1092 ista
1622 1069 1712 1103 parte

102 1116 271 1149 montium.
305 1115 434 1145 veniant
458 1115 586 1146 obviam
612 1115 696 1145 (licto
722 1115 850 1145 domino
874 1115 944 1155 regi
972 1115 1038 1145 sive
1063 1115 1250 1155 imperatori
1275 1125 1346 1145 cum
1371 1114 1521 1155 gentibus
1549 1114 1588 1145 de
1618 1115 1713 1145 armis

102 1168 191 1199 iuxta
216 1167 284 1198 eius
307 1168 579 1208 magnificentiam
605 1173 636 1198 et
660 1166 835 1198 secundum
859 1168 1001 1207 ipsorum
1027 1166 1274 1207 possibilitatem
1300 1170 1332 1197 et
1356 1166 1520 1197 honorem.

18 1230 42 1250 πο
208 1222 238 1251 4.
272 1219 355 1250 Item
387 1218 636 1258 mandaverunt.
666 1219 793 1260 quando
826 1219 886 1249 erit
915 1229 955 1249 ex
985 1219 1045 1249 ista
1077 1221 1168 1259 parte
1200 1219 1370 1257 montium.
1402 1218 1487 1259 quod
1517 1219 1645 1248 mittant
1673 1218 1713 1248 ad

104 1283 175 1303 eum
199 1271 302 1302 bonos
325 1274 551 1312 procuratores
583 1278 614 1301 et
645 1270 793 1311 syndieos
824 1271 978 1301 honestos
1014 1278 1045 1301 et
1075 1271 1238 1311 sapientes
1270 1270 1310 1300 ad
1335 1270 1529 1301 audiendum
1556 1274 1588 1300 et
1611 1270 1713 1300 adim-

104 1323 256 1365 plendum
281 1327 436 1364 precepta
460 1326 492 1353 et
515 1322 665 1353 mandata
692 1323 790 1364 ipsius
815 1323 899 1363 regis
924 1323 990 1353 sive
1015 1323 1228 1363 imperatoris.

209 1378 237 1406 ἶ).
261 1374 345 1405 Item
369 1373 603 1405 mandaverunt
627 1381 659 1405 et
683 1374 889 1405 inhibuerunt
913 1385 953 1404 ex
978 1378 1070 1414 parte
1095 1373 1215 1404 domini
1239 1375 1455 1415 imperatoris,
1481 1374 1567 1415 quod
1591 1374 1711 1404 nullum

103 1438 236 1458 comune
262 1426 311 1457 vel
340 1426 510 1466 singularis
538 1437 675 1467 persona
699 1427 798 1457 faciat
821 1437 980 1467 guerram.
1028 1425 1085 1456 Set
1111 1426 1253 1456 habeant
1277 1430 1424 1467 treugam
1448 1426 1572 1457 firmam
1597 1426 1714 1457 abhiue

18 1488 42 1508 25
102 1489 202 1520 usque
233 1478 274 1510 ad
304 1477 421 1508 festum
451 1477 601 1509 Omnium
634 1487 815 1509 sanctorum
845 1478 991 1519 proxime
1023 1482 1190 1509 venturum
1222 1477 1280 1508 sub
1311 1488 1394 1518 pena
1418 1478 1514 1508 banni
1538 1478 1713 1519 imperialis

102 1531 152 1562 vel
184 1541 245 1572 que
276 1530 434 1571 placuerit
464 1530 590 1571 prefato
623 1530 752 1561 domino
777 1531 857 1571 regi.
905 1530 975 1565 Que
1000 1541 1084 1571 pena
1113 1530 1215 1560 solum
1242 1530 1345 1560 locum
1370 1529 1491 1560 habeat
1514 1530 1545 1560 in
1573 1531 1713 1571 presenti

103 1583 252 1624 capitulo.

210 1636 238 1665 6.
274 1635 356 1665 Item
382 1634 615 1665 mandaverunt
640 1645 680 1665 ex
706 1638 796 1676 parte
823 1635 897 1665 dicti
924 1635 1043 1665 domini
1069 1635 1153 1675 regis
1177 1635 1242 1664 sive
1268 1635 1482 1675 imperatoris.
1507 1633 1593 1674 quod
1617 1644 1712 1664 unus-

103 1687 236 1728 quisque
267 1690 420 1728 preparet
451 1697 484 1717 se
516 1687 556 1717 ad
589 1687 738 1718 facienda
768 1687 897 1717 servitia
928 1686 1034 1717 eidem
1067 1686 1195 1716 domino
1229 1687 1297 1725 regi
1324 1687 1390 1716 sive
1415 1686 1618 1726 imperatori.
1651 1696 1712 1726 que

18 1751 42 1771 ³0
102 1742 229 1769 tenetur
253 1739 281 1769 ei
307 1738 423 1769 facere.

166 1842 227 1877 Qui
252 1842 398 1873 dominus
423 1847 566 1882 potestas
590 1842 763 1872 autoritate
788 1841 898 1881 populi
924 1840 999 1871 (11011
1025 1841 1097 1871 10011
1130 1851 1162 1871 01
1192 1842 1260 1882 ipse
1290 1842 1464 1871 autoritate
1490 1841 1567 1871 dicti
1590 1840 1711 1871 domini

60 1894 227 1934 potestatis
261 1894 405 1925 fecerunt
439 1894 681 1934 responsionem
716 1894 951 1934 infrascriptam
986 1893 1226 1924 venerabilibus
1262 1893 1398 1924 dominis
1430 1892 1598 1923 Gerhardo
1628 1893 1712 1923 Con-

60 1946 236 1983 stantiensi,
262 1945 379 1976 Sifrido
406 1945 551 1977 Curiensi
575 1946 751 1987 episeopis.
782 1945 942 1975 nobilibus
967 1946 1041 1976 viris
1065 1945 1202 1976 dominis
1226 1945 1390 1986 Hugolino
1416 1945 1455 1975 de
1480 1944 1595 1976 Vichio
1620 1945 1712 1976 militi

61 2000 92 2027 et
114 1996 255 2028 Henrieo
281 1997 320 2028 de
344 1997 529 2039 Ralvengo,
554 1997 827 2028 ambassatoribus
851 1997 1043 2027 serenissimi
1076 1997 1194 2028 domini
1220 1997 1351 2028 Hem-ici
1375 1997 1595 2028 Romanorum
1627 1998 1711 2038 regis

19 2058 43 2078 ss
61 2048 92 2079 in
116 2049 259 2090 partibus
282 2049 490 2080 Lombardie.
538 2049 645 2080 Tenor
669 2050 757 2080 cuius
782 2049 853 2079 talis
878 2052 936 2085 est.
960 2048 1126 2079 videlieet:

210 2101 303 2136 Quod
334 2102 391 2142 ipsi
422 2102 453 2131 in
484 2101 630 2132 omnibus
662 2106 693 2131 et
724 2112 780 2142 per
814 2101 919 2131 onmia
954 2101 1059 2131 animo
1092 2101 1266 2142 gratulanti
1299 2101 1401 2142 parati
1431 2104 1503 2130 sunt
1533 2100 1710 2142 adimplere

100 2153 209 2183 *omnia
239 2156 271 2183 et
299 2153 423 2194 singula
454 2153 637 2194 supradicta
673 2153 814 2194 capitula
839 2153 868 2183 in
902 2152 1049 2183 omnibus
1074 2158 1106 2183 et
1130 2164 1187 2194 per
1211 2153 1333 2191 omnia,
1364 2159 1396 2182 et
1418 2153 1523 2193 ipsum
1548 2152 1711 2183 dominum

103 2214 212 2245 regem
243 2204 386 2245 recipere
418 2211 452 2234 ut
476 2204 639 2235 (lominum
666 2215 786 2235 eorum.
833 2204 874 2234 Et
898 2205 1000 2245 ipsum
1027 2215 1151 2235 exnunc
1177 2208 1288 2235 tenent
1311 2208 1346 2234 ut
1370 2204 1534 2234 dominum
1563 2215 1653 2235 suum
1680 2208 1711 2234 et

103 2265 171 2285 esse
195 2256 306 2286 volunt
329 2266 453 2287 exnunc
478 2257 509 2287 in
533 2267 588 2287 sua
614 2257 767 2287 custodia.
815 2256 936 2287 Omnes
961 2256 1028 2287 ‘Sit'
1054 2258 1126 2287 viva
1150 2267 1227 2287 voce
1253 2256 1406 2287 dicentes.

17 2318 42 2337 ιο
165 2308 283 2338 Actum
308 2309 337 2338 in
362 2308 470 2348 platea
487 2307 527 2338 (10
545 2307 670 2341 Casale.
696 2308 898 2349 presentibus
922 2308 1058 2338 restibus
1075 2309 1196 2338 vocatis
1220 2313 1252 2338 et
1268 2309 1388 2349 rogatis
1413 2307 1541 2338 domino
1560 2307 1709 2337 Iohanni—

60 2357 188 2389 henrico
218 2359 257 2389 (10
282 2359 388 2389 Domo
417 2360 532 2399 milite,
564 2359 693 2390 domino
718 2359 888 2390 Fredelieo
919 2359 958 2390 (10
983 2359 1075 2390 Reno
1108 2360 1226 2390 milite.
1263 2359 1411 2389 Conrado
1446 2362 1565 2399 nepote
1591 2358 1709 2388 domini

61 2410 202 2451 episcopi
227 2410 387 2441 Curiensis
419 2414 451 2441 et
475 2411 642 2442 Thebaldo
668 2411 766 2442 fratre
791 2411 867 2441 dicti
892 2411 1010 2442 domini
1035 2411 1205 2452 Hugolini.
1236 2410 1364 2441 domino
1388 2410 1529 2441 Henrico
1555 2409 1643 2439 Cano
1669 2409 1708 2440 de

61 2459 191 2495 Casale.
223 2462 351 2493 domino
384 2461 526 2493 Henrico
555 2462 653 2493 Torta
682 2463 722 2493 de
753 2462 889 2502 casale,
923 2463 1052 2493 domino
1078 2462 1240 2492 Manoello
1272 2461 1396 2492 Binello
1422 2462 1461 2492 de
1488 2461 1603 2491 eodem
1628 2461 1708 2491 loeo.

62 2511 188 2543 domino
212 2513 341 2554 Philipo
367 2514 485 2544 Grasso
511 2513 550 2544 de
575 2513 690 2545 eodem
715 2515 785 2545 1000
812 2520 843 2545 et
867 2514 946 2545 aliis.

20 2576 44 2595 45
167 2564 209 2595 Et
247 2565 286 2595 de
319 2565 469 2606 predictis
499 2570 685 2606 preceptum
725 2570 773 2597 est
812 2566 907 2597 michi
947 2567 1070 2596 notario
1111 2566 1312 2605 infrascripto
1352 2565 1419 2594 fieri
1460 2564 1622 2605 publicum
1661 2565 1707 2594 in-

61 2619 280 2648 strumentum.

167 2668 213 2709 (S.
240 2668 290 2701 N.)
332 2668 371 2699 Et
406 2680 466 2709 ego
496 2669 650 2700 Martinus
679 2671 769 2711 Loge
806 2671 883 2701 civis
920 2670 1057 2700 civitatis
1092 2669 1252 2710 Yl‘noregie
1290 2669 1431 2699 notarius
1462 2668 1608 2709 publicus
1648 2669 1708 2699 hiis

61 2719 206 2750 omnibus
230 2720 368 2753 interfui.
394 2725 524 2761 rogatus
548 2722 657 2762 scripsi
683 2726 715 2752 et
738 2733 789 2753 1110
816 2722 995 2763 subscripsi.

1727 761 1786 786 sept.
1801 762 1833 780 229.

1730 1487 1785 1507 Nor.
1803 1490 1822 1508 l.
