2044 3137
287 170 347 199 423
700 162 861 188 HEINRICI
885 161 944 187 VH.
965 159 1288 187 CONSTITUTIONES.
1326 159 1399 187 1310.
1420 159 1467 186 ΝΥ.
1481 160 1540 186 475.

286 253 379 283 salvis
404 261 532 292 semper
555 249 617 279 suis
642 247 925 289 protestationibus
949 257 1043 288 supra
1069 250 1102 277 et
1125 246 1206 276 infra
1230 246 1364 286 seriptis.
1474 245 1645 286 Mandans,
1669 246 1782 278 iubens
1805 250 1838 278 et
1860 258 1934 289 pre-

286 305 404 344 cipiens
434 302 517 333 idem
543 301 687 331 dominus
718 311 774 331 rex
799 299 951 340 potestati
977 298 1121 339 predicto
1155 302 1187 328 ct
1211 297 1356 328 omnibus
1382 300 1414 328 et
1438 297 1584 339 singulis,
1615 298 1668 339 qui
1696 301 1769 329 sunt
1795 298 1847 330 vel
1877 310 1933 340 pro

287 361 430 395 tempore
456 354 571 384 fuerint
595 356 735 383 rectores
759 352 857 392 ipsius
881 350 1031 389 civitatis,
1056 349 1202 388 consilio,
1232 349 1356 380 comuni
1382 352 1414 380 et
1437 349 1635 380 universitati
1667 352 1699 380 et
1722 350 1935 391 singularibus

287 406 429 447 personis
454 405 550 445 ipsius
574 404 710 434 civitatis
735 406 766 434 ct
784 403 943 433 districtus
968 405 1001 432 et
1021 401 1167 432 omnibus
1192 400 1263 432 aliis
1286 404 1319 431 et
1335 400 1477 442 singuliS,
1501 401 1542 432 ad
1567 412 1645 442 quos
1668 405 1769 432 status
1786 402 1936 443 pacificus

285 457 421 487 civitatis
446 457 591 487 Asterisis
615 460 647 486 et
670 455 877 495 singularium
902 463 1109 495 personarum
1135 452 1185 484 vel
1214 463 1252 483 ea
1277 452 1327 483 vel
1351 452 1482 494 aliquod
1505 453 1661 494 ipsorum,
1695 464 1756 494 que
1781 463 1838 495 per
1861 465 1934 495 pre·
1966 465 1978 484 5

285 509 385 539 dictos
414 508 562 538 comitem
594 510 625 537 ct
653 507 829 548 principem
857 505 1012 536 arbitrata
1043 508 1127 538 sunt,
1156 507 1287 545 possunt
1317 504 1413 535 modo
1443 504 1550 546 aliquo
1580 505 1741 546 pertinere
1771 508 1935 547 tamquam

284 560 428 591 emuunia
454 563 508 590 aut
532 562 694 599 tamquam
720 558 848 598 propria
872 557 921 587 vel
946 556 1053 595 aliter,
1079 556 1253 597 quodquod
1277 557 1379 597 ipsam
1403 567 1517 597 pacem
1542 560 1574 587 et
1598 567 1654 597 ea,
1683 567 1744 598 quc
1770 567 1827 598 per
1850 558 1935 599 ipsos

285 612 434 642 comitem
463 614 495 641 et
519 610 694 651 principem
723 619 819 650 super
851 608 1004 650 predictis
1028 607 1079 639 vel
1107 607 1214 649 aliquo
1239 608 1455 649 predictorum
1479 608 1634 639 arbitrata
1662 609 1862 649 reperientur
1884 609 1936 640 vel

284 662 378 693 modo
404 663 466 692 alio
492 661 647 701 ordinata,
673 660 813 691 debcant
838 659 1073 701 invyolabiliter
1089 659 1261 690 observare
1285 659 1344 690 sub
1367 660 1458 701 penis
1474 660 1631 691 contentis
1653 660 1684 691 in
1701 661 1936 702 compromissis

285 719 315 745 et
340 713 535 755 quibuslibet
565 713 635 743 aliis
660 712 796 743 balliviis
820 712 896 753 ipsis
920 712 1027 742 comiti
1053 715 1084 743 ct
1108 711 1243 752 principi
1266 712 1435 751 concessis,
1460 712 1616 743 contentis
1644 712 1675 742 in
1700 713 1935 753 compromissis
1955 722 1979 741 ιο

284 772 316 797 ut
341 777 435 807 supra
461 768 492 796 ct
516 764 574 795 sub
600 765 689 806 penis
713 764 866 795 ordinatis
890 763 941 795 vel
965 763 1136 794 declaratis
1160 774 1218 805 per
1241 764 1326 804 ipsos
1351 764 1501 794 comitem
1526 767 1558 794 et
1581 764 1758 805 principem
1780 775 1837 805 pro
1861 774 1935 805 pre-

285 817 376 848 dictis
401 817 451 848 vel
475 817 582 857 aliquo
607 816 823 857 predictorum
853 819 886 846 et
914 816 944 846 in
969 818 1122 856 quantum
1150 815 1247 856 ipsius
1272 816 1356 856 regis
1380 814 1631 856 indignationem
1660 816 1791 857 cupiunt
1815 816 1936 848 evitare

284 874 315 900 et
343 869 400 899 sub
426 869 515 909 penis
540 879 595 899 scu
620 868 746 899 mulctis
764 867 983 908 corporalibus
1007 870 1039 898 et
1056 867 1267 908 peccuniariis
1291 867 1391 908 regali
1409 866 1540 898 arbitrio
1558 867 1769 908 imponendis,
1793 867 1937 899 levandis

285 925 316 951 et
334 920 509 962 exigendis
553 920 585 950 lu
611 930 688 961 quas
713 930 812 961 penas
837 922 869 950 et
892 919 1028 950 mulctas
1044 919 1143 949 voluit
1166 919 1234 960 ipse
1252 918 1398 950 dominus
1421 929 1479 950 rex
1504 922 1536 950 et
1552 918 1695 950 deci-exit
1710 919 1850 951 incidere
1873 930 1936 951 non

284 973 385 1003 solum
405 983 557 1013 personas
581 975 691 1003 contra
713 982 825 1013 pacem
844 971 894 1002 vel
911 972 999 1012 pacis
1016 971 1156 1012 capitula
1173 971 1304 1012 aliquod
1320 971 1371 1002 vel
1388 971 1495 1012 aliqua
1512 970 1666 1002 facientes
1689 981 1746 1002 seu
1762 971 1935 1011 venientes,
1956 981 1979 1000 ιε,

284 1029 333 1055 set
357 1025 455 1055 ctiam
479 1034 588 1055 omnes
620 1028 652 1055 ct
676 1024 816 1063 singulas
841 1034 1003 1064 personas,
1029 1022 1241 1064 undecunque
1265 1023 1327 1054 sint
1351 1026 1383 1054 ct
1406 1023 1621 1064 cuiuscunque
1646 1025 1747 1054 status
1771 1026 1804 1054 et
1827 1022 1936 1054 condi-

284 1077 377 1107 tionis
401 1076 550 1110 cxistaut,
574 1086 636 1117 quc
654 1075 854 1106 venientibus
872 1075 921 1106 vel
946 1075 1136 1106 iacientibus
1160 1078 1270 1106 contra
1294 1085 1407 1116 pacem
1425 1075 1476 1106 vel
1499 1075 1587 1116 pacis
1610 1074 1741 1116 aliquod
1763 1074 1936 1116 capitulum

285 1127 405 1158 dabunt
422 1128 472 1158 vel
489 1127 677 1168 prestabunt
694 1127 870 1161 consilium.
895 1127 1049 1158 auxilium
1066 1127 1116 1158 vel
1142 1126 1294 1158 favorem.
1384 1126 1540 1157 Mandans
1556 1127 1685 1168 insuper
1709 1130 1742 1157 et
1757 1127 1937 1168 precipiens

284 1179 352 1220 ipse
370 1179 515 1210 dominus
540 1190 595 1210 rcx
620 1179 767 1209 omnibus
792 1182 823 1210 et
847 1179 979 1219 singulis
1003 1179 1067 1209 suis
1091 1181 1123 1210 et
1147 1179 1273 1220 imperii
1289 1178 1437 1209 fidelibus
1461 1182 1493 1209 et
1516 1178 1652 1209 subditis
1676 1182 1708 1210 et
1731 1179 1846 1210 ceteris
1867 1179 1936 1220 qui-

285 1230 481 1271 buscunque,
507 1230 679 1272 quodquod
704 1241 814 1262 omnes
839 1234 946 1261 contra
965 1241 1078 1271 pacem
1096 1230 1274 1272 predictam
1292 1231 1341 1262 vcl
1366 1230 1454 1271 pacis
1477 1230 1617 1271 capitula
1642 1230 1796 1262 facientes
1819 1240 1936 1272 capere
1955 1241 1980 1260 20

285 1286 317 1313 et
341 1286 498 1313 ari-estare
524 1282 664 1313 debeant
689 1283 718 1313 in
744 1283 887 1324 personis
918 1286 950 1313 et
974 1282 1083 1323 rebus,
1111 1293 1174 1313 non
1198 1282 1399 1314 obstantibus
1423 1282 1663 1324 quibuscunque
1687 1282 1862 1324 privilegiis
1885 1282 1937 1315 vel

285 1334 547 1365 conventionibus
572 1334 693 1365 eisdem
719 1334 810 1365 factis
836 1334 907 1365 huie
932 1333 1035 1365 iubsui
1060 1335 1091 1364 in
1115 1334 1221 1375 aliquo
1247 1333 1457 1373 obviantibus,
1483 1337 1515 1365 et
1539 1337 1649 1375 captos
1670 1333 1815 1366 detinere
1835 1344 1936 1376 usque

284 1386 325 1416 ad
360 1386 458 1426 ipsius
494 1386 612 1416 domini
648 1386 732 1426 regis
762 1386 999 1427 beneplacitum
1037 1389 1068 1417 et
1098 1385 1303 1426 mandatum,
1338 1386 1407 1427 ipsa
1438 1385 1607 1427 privilegia
1637 1389 1670 1417 et
1700 1386 1936 1426 conventione&

287 1442 440 1478 quantum
465 1437 506 1468 ad
532 1448 684 1478 personas
713 1442 744 1469 et
768 1438 852 1469 bona
876 1439 1017 1479 ipsorum
1042 1441 1149 1469 contra
1175 1449 1287 1479 pacem
1313 1438 1507 1469 venientium
1538 1441 1569 1468 et
1594 1441 1746 1479 quantum
1770 1437 1811 1469 ad
1836 1439 1936 1470 omni-

284 1489 412 1519 modam
438 1490 577 1530 ipsorum
602 1490 773 1521 utilitatem
798 1491 997 1531 pertinerent
1013 1490 1063 1521 vel
1088 1491 1248 1531 pertinere
1273 1493 1413 1531 possent,
1439 1500 1480 1521 ex
1504 1493 1591 1520 certa
1614 1490 1746 1521 seientia
1770 1489 1935 1530 cassando,
1955 1499 1978 1519 2⁵

284 1540 439 1571 irritando
465 1544 496 1572 et
520 1541 724 1573 adnullando.

398 1592 553 1624 Preterea
586 1604 656 1624 cum
687 1595 769 1624 inter
792 1596 900 1625 cetera
929 1593 1084 1624 arbitrata
1115 1604 1173 1634 per
1202 1594 1287 1635 ipsos
1311 1594 1461 1625 comitem
1490 1597 1522 1625 ct
1546 1594 1722 1635 principem
1750 1603 1848 1635 super
1873 1593 1936 1625 dis-

286 1644 401 1674 eol-diis=
426 1646 610 1676 memoratis
626 1645 798 1676 arbitratus
823 1645 919 1676 fuerit
942 1649 1048 1676 certus
1064 1645 1188 1686 modus,
1213 1656 1276 1686 quo
1292 1645 1455 1677 mediante
1479 1645 1525 1676 illi
1549 1645 1589 1677 de
1607 1645 1748 1677 Castello
1773 1649 1805 1678 et
1828 1645 1935 1687 alique

287 1696 348 1726 :die
379 1707 514 1736 persone
546 1707 736 1737 recuperare
776 1697 896 1728 debent
928 1697 1108 1738 sumptibus
1139 1698 1282 1728 comunis
1311 1697 1456 1728 Astensis
1492 1707 1602 1728 eorum
1632 1698 1850 1738 possessiones
1879 1708 1937 1739 per

292 1747 446 1788 quasdam
470 1747 549 1778 alias
573 1760 725 1789 personas
750 1749 911 1788 detentas,
941 1749 1036 1786 dixit,
1061 1750 1173 1780 statuit
1198 1752 1230 1781 et
1253 1749 1411 1781 ordinavit
1435 1749 1538 1781 dictus
1563 1749 1709 1780 dominus
1733 1760 1804 1787 rex,
1829 1759 1868 1780 ne
1893 1749 1933 1781 de
1953 1758 1977 1777 ³0

291 1804 398 1829 cetero
427 1810 523 1840 super
551 1800 646 1830 modo
678 1801 887 1841 recuperandi
920 1802 1004 1842 ipsas
1035 1802 1253 1842 possessiones
1290 1803 1379 1832 iuxta
1409 1801 1641 1833 ordinationem
1672 1801 1756 1832 dicte
1785 1802 1874 1843 pacis
1904 1805 1936 1833 et

288 1850 371 1890 ipsus
396 1851 581 1881 restituendi
608 1851 765 1882 dubitatio
796 1863 851 1882 seu
877 1852 1055 1883 obscuritas
1079 1853 1214 1892 oriatur,
1244 1852 1329 1893 quod
1352 1852 1406 1883 illa
1431 1863 1582 1893 persona,
1613 1864 1675 1895 que
1700 1853 1936 1894 possessionem

296 1912 487 1942 recuperare
504 1902 651 1933 debuerit
675 1914 731 1933 seu
753 1904 897 1936 voluerit,
922 1905 1075 1945 promitat
1099 1908 1131 1935 et
1148 1908 1261 1935 caveat
1285 1903 1420 1945 ydonee,
1445 1904 1576 1935 arbitrio
1595 1905 1763 1946 potestatis
1779 1905 1935 1945 Astensis‚

288 1953 312 1982 si
344 1952 382 1983 de
407 1953 592 1993 ydoneitate
626 1955 743 1985 existat
767 1956 997 1989 controversia.
1033 1956 1076 1986 illi
1101 1966 1252 1997 persone,
1282 1967 1343 1997 que
1368 1957 1603 1997 possessionem
1635 1967 1725 1988 suam
1749 1956 1873 1988 detinet
1895 1956 1935 1988 de

289 2004 440 2034 solvenda
466 2005 524 2035 sibi
551 2006 630 2035 infra
648 2007 827 2046 proximum
846 2007 960 2038 festum
978 2007 1146 2038 Pasehatis
1164 2007 1338 2039 medietate
1363 2009 1429 2038 veri
1454 2007 1555 2039 debiti
1571 2009 1674 2047 sortis,
1699 2007 1783 2049 quod
1807 2009 1935 2040 racione
1954 2018 1978 2037 ss

294 2055 377 2086 dicte
404 2058 611 2096 possessionis
635 2057 754 2088 habere
780 2058 937 2098 debuerit,
962 2060 1019 2089 nisi
1045 2059 1084 2090 de
1103 2070 1199 2090 avere
1224 2059 1299 2090 dieti
1317 2060 1459 2091 comunis
1476 2060 1620 2091 Astensis
1643 2060 1695 2091 vel
1719 2059 1758 2091 de
1783 2059 1936 2091 fructibus

289 2107 346 2137 boc
375 2119 457 2137 anno
489 2120 527 2138 ex
558 2109 640 2139 dieta
673 2111 873 2149 possessione
905 2112 1079 2152 perceptis,
1110 2111 1265 2143 detinenti
1301 2113 1388 2153 prius
1421 2112 1517 2143 fuerit
1553 2112 1769 2148 satisfactum,
1802 2122 1936 2153 quorum

289 2159 445 2189 fruetuum
471 2159 581 2190 haberi
607 2160 704 2191 voluit
730 2161 813 2191 idem
838 2161 984 2192 dominus
1009 2173 1065 2193 rex
1084 2164 1250 2203 rationem,
1275 2164 1318 2194 ita
1342 2163 1427 2205 quod
1444 2163 1602 2195 medietas
1629 2164 1788 2195 fructuum
1812 2162 1935 2194 medie·-

291 2214 389 2240 tatem
415 2217 547 2241 atemiet
573 2212 669 2252 ipsius
702 2213 766 2242 veri
797 2212 913 2244 debiti.
944 2225 1004 2254 que
1035 2214 1112 2245 solvi
1145 2215 1291 2246 debuerit
1322 2226 1380 2256 per
1410 2226 1578 2257 personam
1611 2215 1711 2255 illam,
1742 2225 1803 2256 que
1831 2215 1934 2256 ipsam

293 2263 525 2302 possessionem
552 2275 742 2304 recuperare
769 2264 916 2295 habuerit
942 2272 973 2295 et
998 2266 1148 2298 voluerit.
1178 2270 1209 2297 et
1239 2267 1360 2308 reliqua
1394 2267 1552 2299 medietas
1581 2267 1739 2298 fructuum
1772 2266 1934 2298 residuum
1953 2277 1978 2296 ω

288 2317 418 2343 atenuet
443 2314 556 2346 debiti,
582 2315 667 2355 quod
693 2327 790 2356 super
807 2327 940 2347 comune
965 2318 1034 2358 capi
1061 2318 1157 2349 debet
1183 2329 1240 2359 per
1258 2330 1438 2360 personam.
1463 2330 1525 2360 que
1543 2319 1778 2360 possessionem
1802 2317 1933 2349 detinet.

292 2365 409 2395 Volens
434 2371 465 2396 et
490 2367 639 2397 ordinans
664 2367 747 2398 idem
773 2367 919 2399 dominus
944 2379 1016 2400 rex.
1051 2370 1134 2410 quod
1165 2372 1296 2410 prestita
1329 2371 1413 2402 dicta
1444 2372 1591 2402 cautione
1621 2371 1664 2401 illi
1693 2380 1844 2412 persone,
1873 2379 1934 2411 que.

292 2418 524 2456 possessionem
550 2418 681 2458 detinet,
708 2419 756 2449 vel
775 2420 926 2459 potestati
945 2420 1072 2450 Astensi
1099 2421 1127 2451 in
1154 2422 1250 2462 ipsius
1275 2433 1410 2463 persone
1436 2422 1607 2453 detinentis
1628 2422 1859 2453 contumaciam
1885 2420 1936 2452 vel

289 2468 460 2501 desectum.
486 2474 627 2509 potestas
646 2471 789 2501 Astensis
808 2482 975 2511 personam
1000 2472 1043 2501 sic
1061 2480 1227 2503 caventem
1246 2474 1376 2505 redueat
1402 2478 1432 2505 et
1451 2473 1631 2505 introducat
1654 2475 1683 2505 in
1702 2473 1934 2515 possessionem

290 2519 338 2549 vel
364 2522 451 2560 quusi
478 2533 532 2551 sue
558 2523 765 2562 possessionis
790 2523 839 2553 vel
865 2524 909 2554 rei
935 2528 967 2554 et
985 2523 1195 2555 iutrodiwtum
1216 2530 1342 2556 tuentur
1367 2531 1398 2556 et
1423 2526 1588 2557 deffendat
1611 2526 1735 2557 iusticia
1759 2524 1931 2556 mediante.
1954 2535 1978 2554 ⁴³

295 2571 370 2601 ltem
398 2572 493 2603 dixit.
519 2574 615 2603 voluit
649 2579 680 2603 et
705 2574 861 2605 ordinavit
887 2575 971 2606 idem
997 2575 1142 2606 dominus
1168 2588 1240 2610 rex.
1270 2579 1355 2618 quod
1387 2589 1520 2609 comune
1552 2579 1689 2609 Astense
1719 2580 1867 2608 teneatur
1890 2576 1935 2607 illi

295 2633 438 2661 persone,
464 2635 524 2664 que
550 2625 667 2655 dietam
694 2626 902 2657 medietatem
928 2628 1068 2660 solverit.
1094 2628 1229 2659 reddere
1255 2635 1286 2659 et
1311 2631 1478 2661 restituere
1508 2634 1539 2661 et
1563 2630 1746 2671 persolvere
1771 2628 1811 2659 de
1836 2628 1934 2669 ipsius

292 2675 433 2703 conuiuis
459 2686 512 2705 ere
539 2676 637 2715 ipsam
664 2677 872 2708 medietatem
902 2689 957 2709 seu
987 2679 1078 2711 illud.
1111 2680 1195 2720 quod
1221 2681 1293 2711 inde
1318 2682 1447 2712 solverit
1472 2683 1594 2712 ratione
1618 2681 1716 2722 ipsius
1739 2680 1933 2719 medietatis,

293 2733 320 2753 er
341 2725 500 2756 residuum
528 2728 604 2758 eius.
630 2728 713 2768 quod
733 2729 851 2759 babere
870 2730 1000 2761 debebit
1018 2730 1190 2761 secundum
1210 2731 1343 2763 formam
1366 2734 1453 2773 pacis
1470 2734 1689 2773 prenominato
1715 2732 1768 2763 illa
1785 2741 1932 2773 persona,

293 2786 353 2814 que
373 2778 603 2815 possessioni-iu
631 2779 761 2810 detinet.
787 2781 887 2811 solvat
914 2789 942 2811 et
962 2782 1084 2812 solvere
1107 2782 1225 2813 debeat
1251 2784 1351 2824 ipsum
1377 2795 1510 2815 comune
1536 2785 1594 2825 ipsi
1620 2794 1754 2825 persone
1779 2783 1934 2815 detinenti
1953 2791 1978 2811 ⁵0

180 2006 238 2024 1311Δ

161 2031 210 2055 Api,
229 2033 257 2050 Η.
