2044 3137
30 684 54 703 10

29 941 53 960 15

27 1461 52 1481 25

25 1981 50 2000 ³5

22 2239 49 2258 40

22 2496 49 2515 45

474 132 636 159 HEthtlcl
658 134 716 160 vu.
737 135 1059 163 ‹j'ONs'rl'l'L‘TIONEs
1099 139 1171 164 1:311,
1210 139 1256 165 Nr.
1270 140 1326 165 091.
1663 146 1724 173 [30:ss

75 209 233 239 maximus
257 209 410 239 Areasses
437 211 617 251 gubernare
646 213 816 244 subiectos.
866 215 967 245 Mutat
1003 227 1079 255 erg-ro
1115 228 1171 247 nos
1206 227 1237 248 et
1273 218 1378 258 legum
1415 219 1619 250 severitatem
1655 221 1723 260 ipsa

74 260 254 290 humanitas
280 260 309 289 iu
334 261 394 291 isto
412 271 594 303 congressu.
631 264 720 295 Bene
746 267 828 296 enim
854 267 994 297 omnium
1019 267 1255 299 :ulversantium
1282 271 1456 310 poterimus
1481 282 1550 300 esse
1577 272 1721 303 victores.

74 313 100 341 si
123 321 141 341 a
166 311 233 341 sola
258 311 378 351 pietate
403 313 468 343 sive
494 313 691 345 humanitate
716 323 911 347 mutamur-¹¹¹.
958 318 1039 348 Nam
1062 320 1141 349 sicut
1163 320 1324 361 hucusque
1351 323 1482 361 prefatis
1506 323 1723 353 Brixiensibns

75 361 268 394 bellantibus
293 366 325 393 et
348 364 570 395 resistentibus
595 366 778 397 violentiam
803 368 944 398 animose
970 370 1175 410 prestitimus.
1200 371 1242 401 ita
1268 372 1394 402 victoris
1419 374 1538 413 captis¹¹
1563 383 1594 404 et
1618 374 1721 405 bumi-

73 415 156 445 liatis
180 414 432 445 misericordiam
458 416 520 446 iam
547 416 717 449 debemus.
752 419 823 459 quia
858 420 938 449 sicut
967 421 996 450 in
1023 423 1221 452 contumacia
1247 423 1489 463 persistentibus
1514 436 1641 456 severos
1666 437 1721 456 nos

75 476 144 497 esse
169 467 328 497 convenit.
353 467 396 496 sic
422 466 595 498 humiliatis
621 477 651 499 et
677 471 894 510 penitentibus
920 471 1023 502 locum
1050 474 1140 503 venie
1165 484 1284 514 negare
1311 485 1371 504 non
1397 486 1573 516 possumus.
1599 479 1670 517 quia
1698 479 1721 507 si

72 519 155 549 circa
184 522 309 548 nostros
339 517 501 549 subiectos
531 520 665 560 imperio
701 532 757 551 nos
794 523 948 563 impertiri
985 524 1202 556 misericordie
1238 527 1362 556 veniam
1400 526 1598 559 differamus.
1635 530 1719 559 iuxta

72 569 213 600 divinum
237 568 388 600 iudicium
414 574 445 600 et
469 571 635 611 imperiale
661 574 876 604 testimonium
902 574 985 604 nulla
1011 575 1097 615 digni
1123 587 1191 606 esse
1217 578 1306 607 venia
1333 577 1522 608 videremur.

180 623 209 652 6.
234 620 478 652 Descendentes
502 623 598 663 igitur
622 623 662 654 ad
687 625 883 664 punitionem
913 626 1129 666 predictorum
1160 628 1324 659 crimimnn
1355 630 1563 660 nefandorum
1591 632 1720 661 coniun-

73 672 179 714 gendo
197 673 451 704 misericordiam
468 673 645 715 discipline.
671 686 741 706 culn
767 676 884 707 ibidem
910 682 1033 718 strages
1050 679 1154 709 iaceat
1171 679 1388 719 plurimorum.
1414 692 1492 721 quos
1518 683 1546 712 in
1571 682 1722 722 predictis·

71 724 232 756 ew'dentia
257 729 515 765 perpetratorum
541 726 697 757 scelerum
723 727 896 768 deliquisse
922 729 1091 760 manifeste
1117 730 1310 763 denuistrat.
1336 740 1368 762 ut
1393 733 1477 773 rigor
1501 734 1618 774 exigit.
1643 745 1721 774 quos·

69 777 172 818 magis
197 775 350 819 causa[m]
375 776 484 807 delicti
510 788 579 807 esse
605 779 801 810 constiterat.
826 780 895 810 aliis
920 781 1025 811 mitius
1050 782 1306 823 condempnatis,
1332 784 1574 814 detrahet-emus
1599 786 1721 815 iusticie

69 829 230 870 rigorose,
264 829 307 858 sic
340 829 458 859 etenim
490 829 629 860 director
653 834 685 860 et
709 835 813 861 rector
838 832 959 862 Iudaici
985 834 1092 873 populi
1120 834 1246 874 Moyses
1271 835 1484 876 delinquentis
1509 836 1590 866 illius
1614 837 1720 867 multi-

71 879 190 911 tudinis
213 884 316 911 morte
342 891 517 921 paucorum
543 883 806 922 trasgressionem
832 883 984 914 adversus
1008 885 1180 915 Dominum
1206 891 1423 927 perpetratam
1450 888 1558 927 punire
1589 889 1718 919 curavit.

73 932 257 972 exemplum
283 931 519 973 presidentibus
543 934 659 964 ceteris
684 934 863 965 tribuendo.
911 935 1008 965 Cuius
1032 936 1208 967 inherendo
1234 939 1376 979 vestigiis
1401 938 1496 977 digne
1514 939 1720 978 'l'(ebaldum‘›

71 984 287 1025 B(russatum)
313 983 487 1024 dampnate
512 986 666 1015 memorie
691 985 784 1016 huius
807 986 954 1017 factionis
979 992 1141 1018 auctorem
1166 990 1256 1029 penis
1281 989 1499 1030 corporalibus
1517 991 1578 1021 iam
1598 991 1720 1031 pridem

69 1038 313 1078 permanentem
330 1039 404 1066 tunc
421 1034 474 1078 [in]
493 1036 659 1067 obsidione
674 1038 796 1078 prefata
817 1039 927 1079 punire
946 1040 1134 1070 curavimus.
1154 1040 1236 1070 idem
1256 1040 1295 1071 de
1312 1041 1382 1071 aliis
1399 1041 1490 1071 huius
1507 1041 1721 1082 delinquentis

69 1087 180 1129 populi
203 1087 458 1128 perversoribus.
495 1089 547 1129 qui
577 1099 631 1119 eos
656 1090 686 1119 in
711 1089 854 1129 predicte
880 1091 996 1120 invium
1023 1091 1206 1121 rebellionis
1230 1092 1446 1123 adduxerant.
1484 1093 1589 1123 facere
1614 1094 1720 1134 dispo-

68 1144 194 1179 nentes⁷
224 1139 341 1170 ceteris
365 1139 465 1170 levius
490 1139 741 1181 condempnatis.
794 1141 980 1182 Verumque
1006 1143 1086 1173 sicut
1110 1142 1248 1173 Domino
1274 1144 1394 1184 placuit
1418 1151 1488 1184 post
1514 1144 1572 1174 hee
1596 1146 1720 1175 carissi-

70 1203 141 1223 mus
162 1191 262 1222 frater
284 1194 402 1231 noster.
428 1192 481 1232 qui
506 1200 658 1233 tanquam
684 1200 830 1224 strenuus
854 1195 952 1224 muris
976 1195 1074 1235 ipsius
1099 1195 1235 1225 civitatis
1259 1195 1436 1236 improvide
1461 1196 1721 1236 appropioquans

69 1244 201 1275 inermis
225 1244 312 1274 iactu
335 1244 464 1274 missilis
489 1243 528 1274 de
552 1245 650 1275 muris
675 1245 779 1275 emissi
805 1246 976 1276 casualiter
1000 1256 1168 1286 percussus
1185 1253 1217 1276 ct
1234 1257 1291 1277 sua
1308 1247 1424 1277 incuria
1445 1258 1538 1287 opem
1556 1247 1720 1288 negligens

67 1295 260 1327 medicantis
282 1295 412 1326 interiit.
437 1296 468 1326 in
492 1303 599 1326 nostro
625 1300 756 1337 pectore
782 1302 898 1327 extunc
923 1298 1134 1328 attentissime
1160 1302 1372 1329 recensentes.
1397 1299 1422 1328 si
1441 1298 1555 1338 prefati
1573 1298 1721 1328 facinoris-

68 1351 217 1380 auctores
241 1350 274 1379 et
296 1347 483 1378 rebellionis
506 1348 537 1378 in
561 1349 702 1389 nequitia
728 1352 917 1389 peccatores
940 1350 1096 1390 potiores.
1129 1350 1181 1390 qui
1214 1354 1279 1380 tani
1311 1350 1434 1380 blandis
1466 1350 1664 1380 sermonibus
1689 1354 1721 1380 et

68 1399 330 1442 persuasionibus
355 1399 508 1440 pestifere
534 1401 699 1430 venenatis
724 1411 818 1441 quam
843 1401 934 1441 penis
959 1405 991 1431 et
1015 1401 1203 1432 terroribus.
1240 1401 1354 1442 quibus
1386 1401 1552 1431 nonnullos
1579 1401 1720 1440 predicte

70 1451 191 1483 incolas
216 1451 354 1482 civitatis
377 1450 469 1482 nobis
501 1451 633 1482 obedire
665 1451 886 1482 desiderantes
922 1453 1062 1493 corporis
1091 1453 1283 1483 cruciatibus
1308 1458 1339 1484 et
1364 1454 1472 1483 mortis
1497 1453 1719 1483 comminando

68 1503 227 1545 supplicia
251 1508 283 1534 et
306 1503 467 1544 aliquibus
491 1504 588 1534 etiam
614 1503 786 1544 infligendo
810 1505 841 1534 in
865 1504 992 1535 devium
1014 1505 1158 1545 predicte
1177 1505 1349 1546 dampnate
1368 1505 1550 1535 rebellionis
1567 1504 1718 1535 devenire

67 1555 296 1586 miserabiliter
320 1554 558 1595 compulerunt.
584 1555 803 1596 corporalibus
829 1560 861 1586 et
885 1556 1075 1596 capitalibus
1103 1557 1209 1597 penis.
1241 1560 1334 1596 prout
1362 1557 1442 1587 iuste
1473 1557 1539 1586 iura
1568 1560 1718 1586 statuunt.

69 1608 265 1648 puniremus.
292 1606 453 1647 aliquibus
478 1607 628 1637 forsitanO
652 1607 825 1641 videretur.
851 1609 903 1648 qui
928 1609 1030 1638 minus
1047 1608 1251 1638 adverterent
1269 1612 1300 1638 et
1317 1616 1475 1649 saperent.
1501 1619 1595 1649 quam
1620 1607 1718 1638 debe-

69 1663 150 1699 rent,
175 1659 261 1700 quod
284 1658 459 1689 vindictam
482 1659 599 1699 prefati
625 1660 786 1700 sanguinis
811 1660 917 1690 fratris
941 1660 1039 1690 nostri
1063 1670 1215 1700 querere.
1248 1671 1310 1690 non
1340 1661 1495 1690 iusticiam
1528 1659 1718 1690 videremur.

69 1711 156 1752 quod
179 1711 284 1742 animo
310 1711 391 1742 sicut
414 1721 496 1741 nunc
523 1720 586 1742 est.
621 1719 768 1752 optamus
799 1712 829 1741 in
859 1712 943 1741 omni
967 1712 1096 1751 negotio
1121 1712 1234 1742 futuris
1258 1712 1325 1742 fieri
1350 1711 1547 1752 temporibus
1571 1712 1719 1742 alienum.

69 1774 106 1794 ac
130 1763 279 1804 precibus
303 1769 481 1794 annuentes
505 1764 695 1794 sanctissimi
726 1765 823 1804 patris
854 1764 974 1794 nostril‘
1009 1774 1046 1794 ac
1082 1763 1201 1794 domini
1237 1763 1579 1796 domini(¹1lc1nentis›
1615 1763 1718 1793 divina

69 1815 271 1857 providentia
294 1818 498 1846 sacrosancte
515 1815 661 1846 Romane
687 1826 722 1845 ac
747 1815 935 1845 universalis
953 1815 1087 1846 ecclesie
1105 1816 1219 1846 summi
1237 1816 1404 1856 pontificis.
1430 1816 1482 1856 qui
1499 1826 1555 1845 nos
1573 1815 1720 1855 dignatus

69 1871 119 1898 est
135 1868 199 1898 suis
215 1867 333 1898 licteris
351 1867 492 1897 excitare
504 1872 526 1898 ²³.
552 1871 587 1897 ut
610 1878 681 1897 cum
700 1867 851 1908 predictis
868 1867 1089 1897 Brixiensibus
1106 1878 1203 1907 agere
1221 1867 1470 1897 misericorditer
1486 1866 1687 1897 studeremus
1700 1868 1717 1896 ¹.

70 1920 159 1950 cuius
176 1920 206 1950 in
225 1919 372 1950 omnibus
393 1929 506 1960 preces
529 1919 683 1950 exaudire
709 1919 854 1949 volumus
880 1924 911 1949 et
935 1919 1091 1950 debemus
1115 1923 1279 1958 tamquam
1305 1918 1476 1959 spiritualis
1501 1919 1598 1958 patris
1622 1918 1717 1948 nostri

69 1975 102 2002 et
124 1971 318 2012 promotoris
342 1971 476 2012 egregii,
501 1981 571 2001 cum
597 1971 637 2001 sit
660 1971 691 2001 in
716 1971 808 2001 terris
825 1971 961 2001 vicarius
979 1971 1129 2001 Crucifixi
1153 1981 1189 2001 ac
1213 1982 1268 2001 nos
1292 1974 1464 2011 antequam
1481 1970 1521 2000 ad
1538 1969 1718 2000 Romanum

67 2022 311 2064 gubernandum
337 2023 532 2063 eligeremur
564 2023 734 2063 imperium
771 2031 802 2053 et
837 2026 949 2063 postea
986 2023 1127 2063 pluribus
1164 2027 1195 2053 et
1230 2023 1324 2053 variis
1358 2023 1468 2063 gratiis
1504 2021 1720 2062 multipliciter

67 2075 216 2116 gratiosis
240 2074 398 2105 honorare
423 2074 573 2115 dignatus
598 2078 646 2105 est
681 2078 713 2105 et
747 2085 828 2105 nuuc
864 2075 1083 2116 multiplicatis
1118 2075 1279 2105 favoribus
1314 2074 1483 2104 coadiuvat
1518 2078 1549 2104 et
1584 2073 1717 2103 extollit.

67 2136 163 2167 quem
187 2127 286 2156 etiam
310 2127 341 2156 in
366 2127 554 2157 memoriam
580 2126 666 2157 beati
689 2126 780 2157 Petri
810 2127 945 2167 apostoli
981 2126 1191 2158 honorantes.
1228 2130 1262 2157 ut
1297 2126 1368 2157 dive
1404 2126 1556 2156 memorie
1584 2124 1718 2155 Karolus

66 2181 175 2209 noster
198 2178 419 2219 predecessor.
444 2177 520 2209 licet
542 2178 635 2208 nobis
658 2179 712 2208 vix
737 2178 904 2209 ferendum
930 2179 1038 2219 iugum
1064 2179 1241 2219 imponeret
1266 2178 1316 2208 vel
1341 2178 1416 2208 dare
1442 2177 1605 2207 consilium
1630 2176 1716 2206 vide-

67 2233 165 2270 retur,
190 2240 261 2260 cum
286 2230 339 2270 pia
363 2229 533 2261 devotione
558 2229 782 2260 tolleraremus
806 2234 838 2261 et
862 2230 1069 2271 adimplendo
1095 2230 1257 2260 humiliter
1281 2230 1462 2261 ferremus&
1529 2238 1565 2258 ac
1591 2229 1717 2267 insuper

67 2284 274 2323 acceptantes
298 2281 394 2323 digna
427 2283 512 2312 omni
543 2281 640 2312 laude
671 2281 804 2312 consilia
838 2286 871 2312 et
906 2283 1032 2322 penitus
1068 2281 1274 2322 adimplenda
1310 2280 1555 2311 reveremlorum
1593 2284 1716 2320 patrum

66 2333 105 2364 A.
124 2332 308 2364 sabinensis
325 2333 502 2374 apostolice
520 2332 605 2363 sedis
623 2333 730 2374 legati.
748 2333 785 2364 L.
803 2333 1004 2367 Albanensis.
1023 2333 1061 2364 N.
1081 2333 1236 2363 Ostiensis
1254 2333 1475 2373 episcoporum
1493 2342 1529 2361 ac
1550 2331 1583 2360 IA-
1602 2330 1716 2360 Sancte

66 2384 168 2416 Marie
200 2385 231 2415 in
260 2384 323 2416 Via
354 2385 420 2415 lata
455 2384 580 2415 diaconi
616 2384 803 2415 cardinalis.
839 2395 973 2425 quorum
1004 2384 1147 2425 preclara
1178 2384 1361 2425 prudentia.
1397 2384 1426 2413 in
1451 2382 1558 2413 arduis
1581 2382 1717 2422 negotiis

68 2437 270 2477 experientia
294 2436 536 2476 circumspecta.
562 2446 639 2476 erga
655 2435 762 2466 Deum
787 2435 916 2466 devotio
941 2436 1119 2475 singularis.
1145 2435 1252 2466 debita
1278 2435 1335 2465 ad⁵
1354 2435 1532 2475 proximum
1551 2433 1714 2463 caritativa

68 2487 197 2520 dilectio
222 2492 255 2519 et
279 2488 442 2519 excellens
466 2489 599 2519 scientia
623 2487 804 2518 litterarum
830 2487 966 2518 reddunt
994 2493 1026 2518 et
1050 2488 1170 2518 faciunt
1193 2497 1302 2517 eorum
1328 2486 1456 2516 consilia
1481 2484 1587 2525 quoad
1611 2483 1714 2514 Deum

68 2543 101 2572 et
123 2541 306 2581 proximum
330 2551 392 2570 non
416 2543 540 2570 tantum
564 2539 669 2575 utilia.
701 2539 758 2570 sed
789 2541 886 2570 etiam
911 2540 1131 2580 multiplieiter
1156 2540 1326 2569 fructuosa.
1395 2538 1436 2567 liii
1461 2544 1532 2567 sunt
1555 2536 1639 2566 euim
1663 2537 1714 2576 qui

67 2591 260 2623 salutaribus
285 2591 423 2622 consiliis
452 2596 484 2622 et
512 2591 663 2632 operibus
693 2595 846 2632 (plantum
881 2591 1032 2632 possibile
1064 2598 1111 2621 est
1142 2591 1340 2621 inmitatione
1372 2588 1513 2619 colendis
1537 2588 1714 2618 Romanam

69 2646 182 2674 ornant
206 2644 377 2674 ecclesiam
401 2647 433 2674 et
457 2643 536 2674 alias
561 2643 701 2683 dirigunt
725 2643 871 2683 gloriosis
896 2644 1022 2673 monitis
1047 2651 1077 2673 et
1103 2642 1274 2682 exemplis.
1342 2652 1412 2670 eum
1439 2639 1589 2680 predictis
1615 2639 1715 2669 delin-

169 2711 234 2737 691.
254 2714 285 2744 ¹¹¹)
304 2713 432 2737 nitamur?
452 2712 489 2736 Jl.
588 2713 612 2735 ¹³}
633 2712 668 2735 bis
691 2712 811 2743 scriptum
832 2712 867 2736 All.
968 2716 991 2733 (η
1018 2722 1028 2735 s
1052 2721 1081 2736 ta·
1106 2722 1118 2736 e
1142 2721 1206 2735 corr.
1229 2711 1263 2734 Jl.
1362 2711 1383 2733 Ν
1405 2710 1515 2740 sfzstritm·
1534 2709 1565 2732 :rd
1585 2708 1656 2732 delet,
1678 2708 1714 2732 ᾸΙ.

26 2765 52 2785 50
71 2755 94 2786 q)
113 2756 219 2781 excitari
239 2755 275 2780 M.
364 2760 383 2786 1“)
404 2756 541 2780 sereremus
562 2755 598 2779 .ῙΙ.
687 2758 706 2785 ⁵)
727 2763 803 2785 super
822 2755 913 2779 lineam
936 2755 971 2779 Jl.

173 2806 197 2838 1)
219 2805 259 2836 Cf.
279 2814 360 2838 supra
384 2813 424 2831 ur.
438 2810 492 2831 ‘5402
