2044 3137
307 173 363 199 3711
664 163 826 188 llillNchl
849 162 908 187 VII.
929 160 1255 187 CONsTlTL‘TJONES.
1297 160 1370 186 1:311.
1407 158 1454 185 Nix
1469 159 1526 185 587.
1541 158 1598 186 588.

412 250 657 282 Yencrabilibus
682 249 832 280 fratribus
857 273 862 278 .
883 273 887 278 .
914 247 1094 288 patriarche
1113 246 1323 287 Aquilegensi
1347 249 1379 276 ct
1404 272 1408 276 .
1429 270 1434 276 .
1460 245 1702 286 archiepiscopo
1724 244 1955 276 Mediolanensi

307 315 334 335 et
362 315 469 333 eorum
495 302 704 341 suffraganeis
728 311 764 331 ac
789 299 912 330 dilectis
936 299 1007 329 tiliis
1032 298 1156 337 electis,
1186 297 1371 337 abbatibus,
1400 296 1573 337 prioribus,
1603 296 1747 336 decanis,
1776 297 1956 337 prepositis,

305 355 544 393 archidiaconis,
570 352 864 393 areliipresbytcris.
891 351 1046 392 plebanis,
1071 350 1248 381 rectoribus
1272 353 1304 380 ct
1321 349 1391 379 aliis
1408 349 1614 379 ecclesiarum
1632 348 1764 389 prelatis
1782 358 1956 390 earumque

306 407 451 447 capitulis
484 410 515 437 ct
545 405 752 435 conventibus
782 415 818 434 ac
850 404 965 434 ceteris
989 403 1133 443 personis
1157 401 1383 432 ecclesiasticis
1408 401 1567 441 exemptis
1598 405 1629 431 et
1659 411 1721 431 non
1746 400 1906 441 exemptis
1933 411 1956 431 s.

309 457 471 488 lienedieti
497 460 527 487 et
557 470 578 488 s.
600 456 778 496 Augustini,
805 455 1033 488 Cluniacensis,
1059 453 1290 488 Cistcrcicnsis,
1316 452 1626 487 Grandimontensis,
1650 451 1958 483 Premonstratensis

307 518 334 539 et
361 510 493 539 aliorum
512 518 773 549 quorumcumpie
799 506 944 537 ordinum
969 516 1006 537 ae
1024 505 1184 545 magistris
1209 508 1242 535 et
1264 504 1510 545 preceptoribus
1527 503 1707 544 Hospitalis
1730 506 1839 534 sancte
1855 503 1958 534 Marie

307 561 575 591 'l'heot1micorum
602 570 658 599 per
682 559 933 599 Aquilegensem
960 561 991 588 et
1015 557 1290 588 Mediolanensem
1315 556 1495 597 provincias
1519 556 1707 587 constitutis.

413 612 492 641 Cum
522 622 578 641 nos
603 610 737 640 dilectos
766 610 846 640 tilios
870 609 1049 640 Robertum
1082 608 1221 639 electum
1246 608 1482 638 Salernitanum
1513 611 1545 639 et
1572 608 1760 648 magistrum
1784 606 1958 648 Hugonem

306 663 435 693 (ici-aldi
461 662 719 693 archidiaconuni
747 662 959 701 Augeiusem)
988 661 1016 690 in
1043 660 1180 690 ecclesia
1203 659 1458 700 Rothomagensi
1484 659 1668 700 capellanos
1691 662 1816 689 nostros
1839 658 1959 689 latores

307 715 499 755 presentium
525 714 565 744 ad
590 714 786 744 carissimum
813 714 840 743 in
866 712 993 743 Christo
1018 712 1116 742 tilium
1141 715 1283 742 nostrum
1308 711 1484 742 IIenricum
1509 721 1619 752 regem
1643 710 1863 741 Romanorum
1885 709 1958 740 illu—

306 774 401 797 strem
427 777 482 807 pro
508 766 631 805 magnis
661 770 691 795 et
716 765 824 795 arduis
848 764 985 805 negotiis
1014 774 1081 794 rem
1107 763 1267 804 publicam
1292 763 1460 803 presertim
1485 763 1579 794 Italie
1603 761 1808 803 tangentibus
1833 761 1958 802 specia-

307 819 376 848 liter
408 817 619 855 destinemus,
650 817 891 847 universitatem
924 820 1063 846 vestram
1094 825 1257 856 rogamus,
1294 825 1461 845 monemus
1492 819 1524 845 et
1554 814 1718 845 hortamur
1747 817 1870 845 attente
1900 823 1959 854 per

305 870 480 910 apostolica
506 869 593 899 vobis
624 870 741 909 scripta
770 868 912 899 districte
942 866 1148 908 precipiendo
1180 866 1383 901 mandantes,
1414 867 1563 907 quatinus
1595 866 1726 897 eosdem
1757 865 1896 897 electum
1926 868 1959 896 et

306 921 573 955 archidiaconem,
597 932 667 951 cum
693 932 749 961 per
766 931 821 950 vos
838 920 1005 950 transitum
1027 919 1171 958 fecerint,
1196 919 1334 959 benigne
1360 919 1553 959 recipientes
1577 922 1609 949 et
1626 918 1760 949 honeste
1784 919 1959 948 tractantes

306 974 351 1002 cis
375 973 414 1003 dc
449 984 560 1003 securo
593 973 751 1003 conductu
777 972 896 1005 cundo,
922 971 1076 1002 morando
1101 975 1134 1002 et
1158 970 1361 1010 reddeundo,
1390 971 1414 1001 si
1447 971 1487 1002 al)
1520 971 1596 1012 ipsis
1624 980 1721 1011 super
1744 969 1805 1000 hoe
1834 969 1959 1000 fueritis

307 1025 459 1064 requisiti,
484 1035 605 1055 necnon
632 1029 663 1054 ct
688 1025 716 1054 in
742 1024 902 1054 sexcentis
919 1024 1047 1054 florenis
1071 1023 1138 1053 auri
1164 1034 1221 1063 pro
1247 1026 1404 1063 tempore,
1429 1033 1491 1063 quo
1516 1023 1546 1052 in
1563 1022 1788 1063 prosecutione
1812 1021 1959 1063 negotio-

309 1087 375 1106 rum
394 1076 575 1106 huiusmodi
600 1076 726 1115 fuerint,
751 1087 807 1116 pro
832 1076 896 1106 suis
921 1079 953 1105 et
977 1074 1098 1105 familie
1123 1085 1179 1105 sue
1204 1075 1393 1105 necessariis
1417 1073 1587 1115 providere
1612 1074 1738 1104 curetis.
1777 1073 1829 1104 Ita
1852 1077 1960 1104 tamen

307 1127 391 1168 quod
410 1138 464 1159 vos
489 1128 603 1158 fratres
621 1128 802 1168 patriarcha
827 1131 858 1157 ct
876 1128 1069 1168 suffraganei
1095 1127 1139 1157 tui
1165 1138 1201 1157 ae
1218 1137 1274 1156 vos
1298 1126 1353 1156 tilii
1378 1126 1483 1166 electi,
1508 1125 1653 1165 abbates,
1678 1126 1811 1166 prioreS,
1836 1124 1959 1163 decani,

307 1180 475 1220 prepositi,
511 1180 741 1218 archidiaconi,
775 1179 1063 1220 archipresbyteri,
1099 1178 1243 1219 plebani,
1280 1182 1421 1209 rectores
1452 1182 1484 1208 et
1521 1178 1575 1208 alii
1609 1177 1816 1208 ecelesiarum
1843 1176 1959 1218 prelati

307 1241 481 1272 eorumque
499 1232 638 1272 eapitffla
663 1236 695 1262 et
711 1235 884 1261 conventus
909 1242 946 1261 ae
970 1236 1078 1261 cetere
1096 1240 1232 1271 persone
1250 1229 1467 1261 ecclesiastice
1493 1234 1644 1270 exempto
1670 1233 1702 1260 et
1717 1240 1779 1260 non
1797 1232 1960 1269 exempte,

306 1295 328 1313 s.
349 1282 528 1317 Benedicti,
554 1296 576 1313 s.
595 1284 779 1323 Augustini,
805 1283 1039 1321 Cluniaccnsis,
1063 1282 1295 1321 cisterciensis,
1320 1281 1628 1321 GrandimontensiS,
1653 1281 1962 1313 premonstratensis

308 1339 339 1364 et
366 1334 498 1365 aliorum
525 1346 787 1376 quorumcunque
813 1335 956 1365 ordinum
987 1346 1025 1365 ac
1054 1335 1196 1375 magistri
1227 1338 1259 1365 et
1287 1338 1495 1375 preceptores
1518 1333 1697 1374 Hospitalis
1727 1338 1836 1364 sancte
1859 1332 1961 1364 Marie

307 1386 575 1417 'l'heotonicorum
595 1387 821 1428 Aquilegensis
845 1387 982 1417 civitatis
1007 1390 1039 1417 et
1059 1387 1195 1417 diocesis
1219 1397 1256 1417 ac
1281 1386 1443 1427 provincie
1469 1385 1687 1424 medietatem,
1712 1385 1869 1427 reliquam
1885 1381 1961 1416 vero

307 1438 514 1469 medietatem
540 1439 729 1470 florenorum
756 1439 970 1480 predictorum
998 1449 1052 1469 vos
1077 1440 1191 1469 fratres
1219 1438 1453 1478 archiepiscopi
1485 1441 1517 1469 et
1545 1437 1738 1478 suffraganei
1769 1437 1815 1468 tui
1844 1448 1881 1468 ac
1905 1448 1961 1468 vos

307 1490 360 1519 tilii
391 1491 500 1530 electi,
532 1491 681 1525 abbates,
714 1492 849 1532 priores,
881 1490 1008 1530 decani,
1040 1491 1209 1531 prepositi,
1240 1489 1471 1529 archidiaconi,
1503 1489 1788 1530 archipresbyteri,
1820 1489 1960 1530 plebani,

308 1548 448 1572 rectores
479 1548 508 1573 ct
540 1544 592 1573 alii
619 1544 826 1573 ecclesiarum
852 1542 966 1583 prelati
993 1553 1168 1583 eorumque
1197 1541 1339 1583 capitula
1368 1545 1401 1572 et
1429 1546 1602 1572 conventus
1630 1552 1668 1572 ae
1693 1545 1800 1572 cetere
1824 1551 1960 1583 persone

307 1594 523 1625 ecclesiastice
549 1599 700 1636 exempto
725 1601 757 1626 ct
781 1606 842 1625 non
868 1600 1037 1635 excmpte,
1066 1607 1089 1624 s.
1107 1594 1293 1627 Benedicti,
1323 1606 1345 1624 s.
1365 1594 1552 1635 Augustini,
1578 1592 1811 1633 cluniacensis,
1840 1592 1961 1624 Cister-

307 1647 430 1681 ‹·ionsis,
456 1646 763 1683 (irandmontensis,
788 1647 1096 1677 l‘remonstratensis
1119 1652 1149 1677 et
1167 1646 1302 1677 aliorum
1320 1656 1582 1687 quorumcunque
1601 1645 1747 1676 ordinum
1764 1656 1801 1676 ac
1818 1645 1962 1687 magistri

308 1702 337 1726 ct
364 1702 570 1738 preceptores
586 1699 764 1740 Hospitalis
788 1704 896 1730 sancte
922 1699 1023 1729 Mai-ie
1042 1699 1313 1729 'l'lieotonicorum
1333 1698 1583 1729 Mediolanensis
1607 1698 1744 1728 civitatis
1769 1700 1801 1728 et
1825 1697 1961 1728 diocesis

308 1760 343 1779 ac
369 1751 529 1789 provincie
555 1750 647 1781 dictis
672 1751 776 1782 electo
802 1757 833 1781 et
858 1750 1084 1781 archidiacono
1110 1750 1308 1791 integraliter
1332 1750 1531 1791 persolvatis.
1579 1748 1631 1780 Sic
1654 1750 1751 1791 igitur
1773 1749 1960 1780 mandatum

309 1805 446 1832 nostrum
473 1802 502 1832 in
527 1802 586 1832 liae
604 1806 694 1842 parte
719 1802 896 1843 adimplere
915 1802 1088 1833 efficaciter
1106 1803 1270 1834 studeatis.
1297 1802 1381 1843 qnod
1398 1802 1494 1833 iidem
1514 1802 1635 1833 electus
1659 1806 1691 1833 et
1708 1801 1961 1842 archidiaconus,

309 1864 377 1883 cum
403 1854 443 1883 ad
469 1865 524 1883 nos
549 1854 711 1888 redierint,
737 1855 776 1884 de
801 1855 890 1885 vobis
915 1860 1005 1894 grata
1031 1855 1152 1885 referre
1176 1855 1304 1886 valeant
1328 1865 1449 1895 nosque
1474 1853 1678 1885 devotionem
1695 1857 1835 1885 vestram
1859 1853 1961 1894 possi-

310 1916 378 1934 mus
396 1905 512 1935 eximie
529 1907 642 1936 merito
661 1906 863 1937 comendare.
911 1906 1061 1947 Alioquin
1079 1907 1271 1937 sententiam
1297 1917 1352 1937 scu
1370 1906 1555 1938 sententias,
1581 1917 1676 1947 quam
1694 1906 1745 1937 vel
1763 1916 1841 1947 quas
1864 1905 1962 1936 iidem

311 1956 431 1987 electus
455 1962 485 1987 et
510 1958 751 1988 archidiaconus
771 1959 819 1989 vel
846 1970 955 1989 eorum
980 1959 1062 1989 alter
1079 1963 1210 1999 propter
1235 1959 1294 1989 hoe
1319 1959 1378 1989 rito
1403 1958 1533 1989 tulerint
1556 1959 1587 1988 in
1612 1957 1760 1994 rebelles,
1785 1968 1882 1998 super
1898 1967 1960 1998 quo

310 2009 354 2038 cis
380 2014 410 2039 et
429 2010 552 2049 utrique
570 2010 709 2050 ipsorum
728 2011 854 2050 plenam
874 2016 984 2041 tenore
1003 2011 1198 2051 presentium
1216 2010 1421 2041 concedimus
1438 2013 1644 2051 potestatem,
1669 2013 1754 2040 ratas
1771 2009 1961 2040 habebimus

311 2066 340 2089 ct
366 2060 519 2090 faciemus
543 2066 673 2091 auctore
691 2062 828 2092 Domino
854 2073 954 2103 usque
979 2063 1019 2093 ad
1044 2063 1295 2093 satisfactionem
1322 2062 1513 2103 condignam
1539 2062 1766 2093 inviolabiliter
1789 2061 1962 2092 observari.

311 2111 379 2141 Non
405 2112 603 2143 obstantibus
628 2114 650 2142 si
677 2113 836 2154 aliquibus
860 2125 877 2144 a
903 2114 978 2144 sede
1003 2115 1181 2154 apostolica
1206 2115 1245 2144 sit
1269 2114 1442 2153 indultum,
1472 2114 1556 2155 quod
1582 2113 1823 2155 quibuscunque
1847 2113 1963 2154 legatis

312 2174 366 2193 scu
392 2165 506 2194 nuntiis
531 2165 614 2195 sedis
640 2166 735 2205 ipsius
754 2167 995 2205 procuratioiws
1013 2166 1167 2197 exhibere
1185 2167 1234 2197 vil
1260 2166 1290 2196 in
1316 2166 1377 2196 illis
1403 2166 1615 2200 contribuere,
1640 2166 1698 2196 nisi
1724 2165 1765 2196 ad
1790 2176 1845 2196 eos
1864 2164 1962 2196 decli-

312 2216 470 2247 naverint.
502 2217 630 2246 minime
656 2222 824 2247 teneantur
853 2228 907 2248 seu
934 2218 1018 2258 quod
1044 2218 1203 2253 interdici,
1237 2219 1387 2259 suspendi
1415 2219 1462 2249 vel
1488 2218 1725 2249 excmuunicari
1755 2228 1817 2248 non
1840 2217 1962 2258 possint

312 2278 368 2306 per
393 2267 514 2297 litteras
539 2268 744 2308 apostolicas.
777 2280 839 2309 que
873 2269 912 2299 de
945 2269 1066 2299 indulto
1092 2269 1271 2300 huiusmodi
1297 2270 1423 2310 plenam
1458 2275 1489 2300 et
1514 2280 1701 2310 expressam
1734 2279 1796 2299 non
1826 2268 1960 2300 fecerint

312 2320 519 2353 mentionem,
553 2331 608 2350 seu
634 2320 873 2361 quibuscunque
899 2321 1087 2361 privilegiis.
1123 2321 1328 2361 indulgentiis
1353 2328 1385 2352 ct
1409 2321 1522 2352 litteris
1547 2321 1731 2362 apostolicis
1755 2319 1959 2361 generalibus

313 2371 359 2399 xel
385 2371 590 2410 specialibus.
622 2382 882 2412 qu‹›ruim-uuque
909 2376 1054 2402 tenorum
1080 2374 1232 2404 existant.
1265 2373 1304 2403 de
1331 2373 1445 2414 quibus
1470 2383 1670 2414 quorumque
1701 2372 1775 2403 totis
1799 2371 1962 2403 tenoribus

313 2421 349 2450 de
377 2422 471 2452 verbo
497 2423 536 2452 ad
562 2423 692 2453 verbum
719 2424 747 2453 in
774 2424 887 2453 nostris
912 2423 1025 2453 litteris
1050 2425 1198 2465 specialis
1221 2425 1340 2455 mentio
1367 2426 1405 2455 sit
1431 2425 1577 2456 habenda
1605 2429 1636 2455 et
1660 2434 1718 2465 per
1742 2434 1803 2465 que
1829 2423 1961 2455 effectus

314 2474 505 2512 presentium
532 2474 677 2514 impediri
704 2475 808 2505 valeat
833 2475 1075 2515 quomodolibet
1100 2476 1148 2505 vel
1175 2476 1303 2506 differri.

425 2525 492 2555 llut.
514 2526 668 2558 Arinion..
698 2527 734 2557 ll.
757 2527 825 2557 Kal.
847 2528 961 2561 Martii,
987 2538 1068 2558 anno
1093 2532 1193 2558 sexto.

452 2670 527 2701 718⁸.
556 2672 791 2703 l„l]'T]-.'l:.1l·l
813 2672 878 2703 AI)
903 2673 1179 2703 JlJilNltlslfM
1204 2673 1378 2704 ]ἶ];’(ι’];’.Ἰ[
1400 2674 1626 2705 ALTERA-J.
1673 2674 1774 2705 Mart.
1790 2676 1818 2705 4.

427 2731 631 2769 l’ropmo'mms
666 2744 701 2761 rs
738 2734 858 2763 minam
898 2734 926 2763 in
964 2733 989 2764 ll
1026 2736 1164 2765 sarculo:
1200 2734 1239 2770 ιγ’.
1276 2734 1438 2764 'ditonum
1477 2737 1613 2765 ›mco-{on
1648 2734 1665 2764 Ῑ.
1694 2745 1718 2765 c.
1750 2744 1823 2773 pay.
1848 2734 1869 2763 3
1895 2743 1958 2772 sqq.

316 2795 319 2807 ν
354 2798 365 2799 ff
387 2794 455 2819 χΙΙΙ-’1.
479 2786 534 2811 2¹35·
552 2793 630 2821 sqq.)
653 2787 809 2821 paratam.
860 2785 976 2815 ,Tctlus
1002 2784 1151 2814 nonnullo
1179 2786 1279 2816 ro-luc.
1313 2797 1392 2824 ‘state
1420 2789 1631 2818 «remorant,
1659 2797 1696 2816 cr
1719 2795 1839 2825 strenua
1862 2783 1960 2815 simili

1977 718 2006 737 10«

1978 977 2001 996 15

1979 1496 2012 1515 2⁵.

1979 1757 2014 1777 ³0-

1977 2279 2014 2298 ⁴⁰·

1977 2542 2018 2561 ⁴⁵-
