2153 3157
49 741 73 760 10

47 999 72 1018 15

47 1679 71 1699 25

43 1937 69 1957 30

44 2196 68 2216 85

44 2565 71 2584 40

464 181 620 210 ALBERTJ
642 182 745 208 mlius
767 183 1094 211 ‹Q‘ONSTITETIONEs
1134 187 1206 211 1225.
1244 187 1290 212 Nr.
1308 189 1345 213 16.
1369 188 1405 214 17.
1720 198 1752 224 15,

94 267 177 297 ciam
209 278 226 296 a
256 268 371 297 nostris·
396 269 634 299 siu-cessoribus
663 270 852 303 iudicamus,
968 272 1014 310 (3)
1052 272 1203 303 Ceterum
1233 274 1411 305 liberaliter
1441 277 1655 316 promittimus
1692 280 1752 309 tide

94 317 164 347 loco
182 318 354 349 iuramenti
372 321 515 360 prestita.
541 321 626 361 quod
655 321 694 351 de
720 323 824 353 causis
841 322 901 353 Dei
920 323 970 353 vel
988 323 1029 353 ad
1047 324 1149 355 forum
1169 326 1306 356 ecclesie
1325 328 1558 366 pertinentibus
1576 329 1754 361 iudicandis

93 380 150 399 nos
174 380 236 400 non
261 371 512 402 intromittemus
542 382 600 402 nec
632 372 757 413 aliquos
788 374 910 404 iudices
938 374 1099 405 seculares
1124 386 1157 405 se
1183 376 1222 406 de
1247 377 1324 417 ipsis
1347 378 1560 409 intromittere
1586 382 1751 420 permitte-

92 431 172 460 mus,
198 432 327 462 semper
352 433 541 453 conservare
561 424 706 455 volentes
731 426 880 456 intactam
907 436 925 456 a
950 426 1041 456 nobis
1066 431 1098 457 et
1123 429 1249 468 penitus
1266 429 1482 461 inconvulsam
1502 432 1751 464 eeclesiasticam

91 472 276 504 libertatem
295 477 327 504 et
344 474 531 505 notabiliter
548 477 577 505 in
596 476 857 517 archiepiscopis,
883 478 1053 519 episcopis,
1078 479 1221 519 prelatis,
1247 481 1401 521 collegiis,
1430 483 1581 516 cenobiis,
1600 484 1752 521 ecelesiis,

92 524 216 555 clericis
241 530 272 555 et
297 527 442 566 personis
467 527 694 558 ecclesiasticis
719 529 872 560 civitatis.
903 529 1050 569 dyocesis
1075 537 1107 560 et
1133 532 1293 571 provincie
1319 532 1506 573 Maguntine
1531 546 1627 575 super
1651 538 1753 566 causis

92 576 336 617 quibuscunque
371 577 411 607 ad
437 577 582 608 seculare
609 578 758 609 iudicium
785 590 847 610 non
872 580 1036 610 trahendis
1053 582 1181 622 suisque
1200 584 1454 622 possessionibus
1479 596 1538 615 non
1565 597 1621 626 per
1638 592 1751 627 poten-

91 629 173 659 ciam
198 629 361 660 laicalem.
392 629 450 659 sed
482 630 588 670 potius
621 641 679 670 per
711 631 891 662 ordinatam
926 633 1084 663 iusticiam
1109 634 1307 666 auferendis.
1337 637 1365 665 in
1398 648 1506 667 eornm
1537 638 1634 667 etiam
1666 639 1753 669 iustis

91 682 263 711 sentenciis
295 681 503 711 observandis
529 687 560 712 et
592 692 650 723 per
684 683 807 723 regiam
841 688 981 714 nostram
1012 685 1288 725 magnificenciam
1319 687 1405 717 iuxta
1437 692 1555 719 statuta
1585 689 1691 731 legum
1722 698 1753 720 et

93 742 251 763 canonum
289 733 489 763 exsecutioni
525 733 634 764 debite
667 733 910 764 demandandis.
1013 739 1061 774 (4)
1098 736 1252 767 Preterea
1291 739 1475 779 supradicto
1511 740 1752 782 archiepiscopo

91 784 220 826 suisque
245 785 485 815 successorihus
518 792 550 815 et
574 785 711 816 ecclesie
736 785 925 826 Maguntine
951 791 1057 817 contra
1093 787 1191 818 duces
1222 789 1471 822 Brunsvicenses
1496 803 1618 822 necnon
1643 804 1753 823 [annes

89 836 294 866 iniuriatores
313 846 424 866 eorum
450 847 507 881 pro
532 837 657 867 iusticia
682 836 855 867 obtinenda
873 837 1004 868 brachio
1022 842 1128 869 nostre
1152 839 1345 871 fortitudinis
1363 842 1537 873 efficaciter
1556 845 1750 876 assistemus.

90 888 176 918 omni
201 898 293 918 mora
319 892 351 918 et-
375 888 561 918 occassione
587 889 785 928 postpositis,
812 889 1068 930 quandocunque
1094 898 1126 920 et
1143 891 1418 933 quotienscunque
1443 893 1483 923 ab
1509 895 1584 934 ipsis
1608 896 1658 925 vel
1682 897 1752 926 aliis

89 940 234 981 ipsorum
266 940 395 970 nomine
427 940 583 970 fuerimus
617 940 771 980 requisiti.
831 941 867 970 In
900 951 1032 981 quorum
1065 943 1206 972 omnium
1243 944 1467 975 certitudinem
1498 950 1530 975 ct
1561 951 1749 986 perpetuam

91 991 278 1023 firmitatem
302 994 488 1032 presentem
513 990 654 1021 litteram
679 995 787 1022 nostre
812 993 1002 1032 magestatis
1026 994 1151 1033 typario
1176 993 1331 1024 tradimus
1356 997 1592 1027 communitam.

197 1042 318 1074 Datum
344 1047 377 1074 et
401 1046 508 1074 actum
527 1043 612 1083 apud
629 1042 859 1076 Holzkirchen.
886 1045 915 1074 in
941 1044 993 1075 die
1018 1046 1117 1075 sancti
1135 1045 1312 1086 Lamperti,
1337 1057 1418 1077 anno
1436 1047 1565 1078 Domini
1582 1049 1750 1079 millesimo

90 1094 312 1126 ducentesimo
337 1095 547 1136 nonagesimo
573 1099 697 1126 octavo.
722 1095 896 1126 indictione
920 1096 1100 1127 undecima.
1126 1098 1215 1137 regni
1241 1099 1337 1128 nostri
1363 1109 1444 1128 anno
1471 1100 1581 1139 primo.

196 1251 249 1283 17.
274 1250 514 1282 PROTESTA
522 1249 596 1281 TIO
621 1249 768 1281 REGIS
789 1250 943 1282 SUPER
966 1250 1263 1282 PRJoRJTATE
1283 1252 1648 1284 ARCHIEPJSCOPJ

680 1301 784 1333 MOG
793 1302 969 1334 UNTJNJ.
1016 1303 1100 1341 Sept.

201 1363 357 1396 Servatur
382 1363 492 1394 ibidem
518 1374 566 1394 nr.
586 1365 658 1396 140.
702 1363 847 1403 Siffllum
875 1363 936 1394 iam
960 1363 1050 1395 deest.
1074 1362 1139 1401 filis
1161 1364 1270 1393 sm-icis
1292 1364 1380 1394 rubei
1403 1364 1513 1395 caloris
1537 1365 1662 1396 relictis.
1710 1366 1749 1396 In

91 1426 177 1448 verso
208 1415 372 1456 Zeyuntur:
407 1415 447 1446 de
483 1415 652 1456 prioritate
689 1418 720 1445 et
754 1415 936 1456 prelatione
975 1414 1210 1455 archiepiscopi
1243 1414 1385 1455 Magunt.
1419 1434 1460 1437 ——
1496 1416 1640 1453 fflhmer,
1675 1417 1747 1456 Rey.

89 1467 178 1499 Albr.
197 1469 246 1499 53.
1462 1468 1514 1506 (P.
1533 1468 1641 1507 (locst.)

197 1562 352 1594 Albertus
375 1562 437 1593 Dei
463 1562 567 1602 gratia
591 1560 840 1600 Rom(anorumi
864 1571 921 1591 rex
947 1571 1075 1601 semper
1098 1567 1252 1601 augustus
1269 1562 1433 1595 universis,
1458 1562 1498 1592 ad
1521 1573 1600 1602 quos
1619 1574 1748 1603 presens

89 1616 244 1657 scriptum
268 1615 464 1656 pervenerit.
489 1621 681 1654 perpetuam
708 1617 739 1643 et
764 1612 976 1643 indubitatam
1002 1613 1152 1642 noticiam
1179 1613 1438 1653 subscriptorum.

177 1666 221 1697 Ut
245 1667 304 1697 sub
328 1670 476 1707 tempore
501 1673 608 1695 nostre
634 1665 797 1695 felicitatis
822 1669 951 1701 cuncta,
977 1664 1141 1704 potissime
1173 1674 1234 1704 que
1266 1667 1373 1693 nostro
1403 1664 1493 1693 lateri
1518 1665 1620 1705 magis
1645 1666 1746 1695 vicina

90 1719 241 1757 existunt„
267 1718 378 1749 ordine
403 1729 460 1748 suo
485 1716 673 1758 prswedant,
699 1723 877 1756 appareant
903 1724 934 1745 et
959 1715 1147 1752 subsistant,
1173 1716 1341 1745 statuimus
1367 1724 1397 1744 et
1423 1715 1550 1755 publice
1575 1716 1746 1746 diffinimus

88 1770 130 1801 ad
158 1771 377 1801 universorum
410 1770 562 1800 noticiam
598 1768 810 1798 luculentam.
847 1767 932 1808 quod
968 1767 1159 1797 venerabilis
1195 1766 1380 1797 Gerhardus
1415 1774 1524 1797 sancte.
1559 1767 1745 1807 Maguntiue

88 1822 174 1853 sedis
204 1822 467 1862 archiepiscopus
497 1820 578 1851 sacri
614 1820 741 1860 imperii
778 1830 835 1860 per
866 1818 1073 1849 Germaniam
1106 1817 1405 1848 archicancellarius
1436 1819 1548 1858 suique
1578 1825 1649 1858 post
1673 1829 1745 1848 eum

87 1884 290 1905 successores
314 1874 345 1904 in
370 1873 482 1904 ordine
508 1877 541 1902 et.
564 1872 685 1902 honore
711 1871 934 1912 processionis,
959 1871 1117 1901 sessionis.
1135 1871 1360 1900 nominationis
1385 1878 1417 1899 er
1441 1871 1597 1910 scripture
1623 1871 1744 1900 ratione

87 1925 371 1957 archicancellario
406 1935 465 1966 per
499 1923 706 1954 Germaniam
742 1923 825 1953 inter
858 1923 1018 1963 principes
1054 1934 1123 1952 esse
1160 1921 1279 1951 debent
1315 1928 1345 1951 et
1378 1921 1475 1951 locari
1511 1923 1649 1962 priores,
1684 1933 1743 1952 non

88 1979 235 2010 obstante
261 1978 348 2020 quod
372 1979 403 2008 in
428 1977 559 2008 decreto
585 1976 753 2007 electionis
776 1980 883 2006 nostre
898 1976 907 1993 ¹
932 1985 1034 2015 nuper
1058 1974 1099 2004 ab
1124 1974 1298 2004 illustribus
1322 1973 1525 2004 Allemannie
1551 1973 1745 2013 principibus

89 2030 253 2062 celebrate
278 2029 482 2071 supradictus
507 2027 725 2068 G(erhardus)
762 2027 1024 2067 archiepiscopus
1060 2025 1171 2056 ordine.
1204 2033 1391 2066 prepostero
1429 2036 1485 2055 seu
1522 2024 1649 2054 turbato
1674 2031 1744 2064 post

86 2082 309 2114 venerabilem
330 2081 557 2112 Boemundum
576 2080 809 2110 Treverensem
828 2078 1105 2119 archiepiscopum
1124 2085 1187 2107 tam
1207 2077 1373 2116 seriptum,
1395 2087 1489 2116 quam
1506 2077 1607 2116 figura
1625 2076 1745 2115 positus

86 2135 256 2174 invenitur,
281 2144 340 2175 per
364 2143 505 2164 errorem
532 2132 621 2164 facti.
648 2142 743 2172 quem
775 2132 805 2160 in
836 2130 894 2160 hac
924 2137 1015 2170 parte
1051 2130 1189 2159 scienter
1213 2128 1441 2168 dampnamus,
1467 2138 1505 2157 ne
1536 2127 1680 2157 trahatur
1703 2126 1743 2156 ad

88 2186 357 2228 consequenciam
393 2185 458 2215 ullo
493 2183 600 2215 mode.
691 2183 727 2212 In
768 2183 856 2213 cuius
897 2182 942 2211 rei
978 2181 1196 2211 testimonium
1233 2187 1398 2220 presentes
1434 2179 1556 2208 litteras
1591 2178 1743 2208 conscribi

87 2237 222 2269 fecimus
246 2241 279 2268 et
302 2243 410 2268 nostre
434 2236 624 2277 magestatis
648 2235 774 2275 typario
798 2233 995 2263 communiri.

172 2307 294 2338 Datum
325 2305 555 2346 Rodenburga.
587 2315 670 2335 nono
704 2303 776 2334 Kal.
804 2302 950 2333 Octobr..
987 2312 1068 2331 anno
1103 2300 1231 2331 Domini
1262 2299 1350 2329 MCC
1384 2299 1590 2339 nonagesimo
1620 2303 1741 2328 octavo,

86 2359 196 2391 indict.
219 2359 401 2393 undecima,
426 2358 517 2399 regni
541 2357 640 2387 nostri
666 2366 748 2386 auno
774 2356 875 2396 primo
886 2360 907 2386 ².

193 2463 238 2488 17.
260 2463 283 2492 ³)
304 2462 595 2494 Rodenburg-—primo
616 2465 710 2484 ηιιιίαίυ
731 2459 805 2483 (luctu
827 2459 878 2482 alio
897 2461 1040 2481 atramento
1057 2460 1114 2486 post
1135 2455 1223 2479 addim
1244 2459 1300 2478 suut
1320 2463 1348 2477 oz·

195 2557 218 2589 1)
238 2556 328 2589 Supra
344 2563 404 2588 pay.
421 2558 437 2579 8
456 2555 503 2580 lia.
517 2558 554 2580 215.
569 2557 606 2579 27.
