2044 3137
497 168 661 194 HEINRICI
682 168 741 194 VII.
767 169 1092 199 CONSTITL‘TIONES.
1132 174 1205 200 1310.
1244 174 1290 201 Nr.
1304 176 1362 202 391.
1697 183 1752 210 :iii

99 255 259 296 legiorum
294 254 391 285 verba
425 254 631 295 singulariter
666 259 699 286 et
727 265 879 296 expresse
908 267 944 288 ae
975 258 1015 289 de
1046 259 1145 290 verbo
1177 261 1218 291 ad
1248 262 1378 293 verbum
1409 264 1609 304 presentibus
1641 266 1756 296 insci-tu

101 307 244 338 fuissent.
307 306 502 346 specialiter
537 310 646 337 autem
683 310 715 337 et
748 318 900 348 expresse
935 320 1006 340 cum
1047 312 1132 341 omni
1169 313 1285 343 effectu
1326 322 1358 344 et
1394 316 1534 346 efficatia
1568 317 1758 357 supradictis

100 358 312 397 ratificamus,
347 357 587 397 confirmamus,
624 360 902 399 recognoscimus,
939 361 1127 393 innovamus
1163 368 1195 394 et
1231 364 1270 395 de
1306 376 1386 396 novo
1417 367 1621 398 concedimus
1652 369 1756 399 omnia

100 410 269 452 privilegia
295 409 507 449 Constantini7
533 408 652 449 Caroli?
676 409 820 442 Henrici.
844 411 971 442 Ottonis
996 415 1111 453 quarti.
1136 415 1300 446 Frederici
1325 418 1456 448 secundi
1480 422 1576 459 :itque
1594 419 1757 460 Rodulphi

69 475 80 494 5
100 472 213 503 regum
239 467 271 493 et
294 462 473 503 principum
500 471 556 491 seu
582 461 812 502 imperatorum
838 461 1057 495 Romanorum
1083 476 1285 508 quocumque
1310 471 1456 509 tempore
1486 480 1636 501 concessa
1662 481 1758 511 super

100 514 370 556 quibuscumque,
400 513 629 554 cuiuscumque
663 514 858 545 continentie
883 515 934 545 vel
970 517 1089 547 tenoris
1118 519 1272 558 existant5
1309 529 1417 550 sancte
1446 520 1590 552 Romane
1621 522 1756 553 ecclesie

99 565 319 606 Romanisque
343 564 547 606 pontificibus
572 572 604 595 et
627 565 805 606 apostolice
830 566 908 597 sedi.

208 618 255 657 (3)
279 617 502 647 Promittimus
527 617 626 647 etiam
652 620 684 647 et
708 617 889 658 obligamus
913 629 969 649 nos
994 630 1065 649 cum
1095 621 1179 650 omni
1204 621 1343 652 efficatia
1369 631 1399 653 et
1425 623 1552 655 effectu.
1578 626 1662 655 omni
1688 626 1756 656 iure

101 672 133 700 et
157 668 278 708 forma,
311 678 373 709 quo
398 667 514 698 melius
539 670 571 698 et
595 667 755 699 efficatius
779 669 847 699 fieri
871 673 992 710 potest.
1017 676 1226 703 manutenere
1258 678 1289 703 01
1315 684 1503 705 conservare
1529 658 1633 706 omnia
1658 677 1755 717 privi-

58 735 81 755 ιο
99 720 199 761 legia,
229 720 458 760 cuiuscumque
487 720 607 750 tenoris
637 719 686 750 vel
720 719 911 751 conditionis
941 723 1093 754 existant.
1121 727 1152 753 et
1180 723 1266 753 nullo
1295 735 1433 765 unquam
1459 730 1604 767 tempore
1630 732 1755 758 contru-

100 772 210 803 venire
233 771 286 802 vel
309 771 463 812 aliquem,
490 774 643 812 quantum
670 772 701 801 in
725 771 816 802 nobis
842 776 903 804 est.
930 774 1037 804 venire
1063 775 1250 814 permittere
1281 787 1482 818 quacumque
1514 780 1680 809 occasione
1707 780 1755 810 vel

100 834 196 855 causa
230 822 283 854 vel
319 823 411 853 titulo
451 822 592 864 allegato
629 824 704 853 iuris
737 824 788 854 vel
824 824 919 865 facti,
956 835 1014 865 per
1049 837 1266 867 quoscumque
1302 838 1396 868 reges
1436 835 1467 859 ct
1506 830 1666 871 principes
1700 840 1756 860 seu

99 876 311 917 imperatores
334 873 514 913 Romanos,
541 878 573 905 et
596 876 750 916 precipue
780 886 839 916 per
870 877 1070 917 supradictos
1095 877 1354 910 Constantinum.
1381 879 1544 911 Cal-olum.
1570 881 1756 912 llenricum.

100 927 255 959 Ottonem
280 930 428 968 quartum
459 930 491 956 et
514 926 725 957 Fredericum
750 927 926 958 secundum
952 932 1048 969 atque
1073 929 1282 970 Rodulplium
1307 941 1457 961 concessa
1481 940 1589 963 sancte
1611 932 1756 963 Romane

57 994 81 1013 15
102 978 238 1010 ecclesie
273 988 310 1009 ac
345 977 501 1009 Romanis
536 978 740 1019 pontificibus
774 983 806 1009 et
837 980 1013 1020 apostolice.
1049 980 1119 1011 sedi
1149 992 1245 1022 super
1273 983 1506 1022 recognitione.
1542 983 1755 1015 innmatione.

99 1031 281 1070 avoatione7
311 1030 538 1069 concessione⁷
570 1031 764 1071 quitatione,
789 1032 1025 1062 renuntiatione
1052 1036 1083 1063 et
1112 1032 1213 1063 libera
1239 1032 1422 1064 dimissione
1447 1039 1603 1064 terrarum
1628 1041 1659 1064 01
1683 1046 1755 1075 pro-

100 1083 274 1113 vinciarum
298 1085 408 1113 sancte
431 1081 580 1113 Romane
606 1082 743 1113 ecclesie
767 1082 963 1124 ubicumque
996 1085 1189 1124 positarum,
1215 1086 1367 1126 precipue
1392 1085 1533 1116 marchio
1556 1086 1756 1117 Anconitane

100 1145 173 1166 cum
196 1133 344 1165 omnibus
368 1133 562 1173 civitatibus,
587 1134 690 1173 terris,
714 1134 878 1173 limitibus,
904 1136 1047 1166 terminis
1073 1143 1103 1166 ct
1129 1136 1305 1166 confinibus
1327 1137 1390 1167 suis
1408 1137 1607 1177 integraliter
1631 1145 1663 1167 et
1687 1148 1757 1168 cum

101 1185 248 1218 omnibus
282 1186 403 1216 iuribus
439 1189 471 1216 et
504 1185 776 1216 iurisdictionibus
819 1186 1010 1221 earundem,
1047 1192 1217 1218 exarcatus
1256 1188 1411 1218 Ravenna
1441 1192 1473 1219 et
1502 1188 1690 1229 Pentapolis
1720 1200 1756 1220 ac

56 1251 81 1271 2⁰
99 1239 292 1270 Romaniole
323 1242 356 1269 et
383 1238 565 1269 Bertenorii
599 1239 770 1268 comitatus
801 1249 872 1268 011111
898 1239 1027 1269 civitate
1052 1239 1198 1270 Bononie
1233 1244 1265 1270 et
1298 1250 1369 1270 curn
1395 1240 1542 1271 omnibus
1566 1240 1756 1271 civitatibus.

100 1291 208 1330 terris,
239 1289 410 1329 limitibus,
440 1289 584 1320 terminis
617 1293 649 1320 et
677 1289 854 1320 confinibus
885 1290 1086 1331 integraliter
1115 1295 1147 1321 et
1176 1301 1247 1321 cum
1277 1291 1424 1321 omnibus
1453 1291 1573 1321 iuribus
1604 1296 1635 1322 et
1666 1292 1756 1322 iuris-

100 1341 292 1374 dictionibus
317 1341 504 1379 earundeim
530 1341 620 1371 vallis
645 1352 774 1382 quoque
800 1352 862 1382 que
888 1341 1063 1382 Spoletana
1089 1341 1206 1372 dicitur
1229 1343 1295 1372 sive
1321 1342 1456 1373 ducatus
1481 1353 1551 1373 cum
1577 1343 1759 1373 civitatibus

99 1394 225 1425 Perusii
257 1397 355 1435 atque
380 1393 515 1424 Castelli
539 1396 572 1424 et
596 1403 667 1423 01101
692 1393 840 1424 omnibus
866 1393 1058 1432 civitatibus,
1084 1395 1186 1424 terris.
1212 1394 1380 1425 limitibus.
1406 1395 1548 1425 terminis
1573 1398 1605 1425 et
1629 1396 1758 1425 contini-

99 1447 158 1478 bus
181 1446 384 1487 integraliter
411 1451 443 1476 et
474 1456 545 1476 011111
571 1445 718 1476 omnibus
747 1445 868 1476 iuribus
899 1450 931 1476 et
964 1445 1236 1476 iurisdictionibus
1266 1446 1456 1479 earundem,
1492 1446 1596 1477 Masso
1631 1457 1757 1486 1111011110

58 1511 82 1532 25
101 1508 162 1539 que
180 1497 337 1529 Trabaria
360 1501 562 1538 nuncupatur
586 1508 657 1528 cum
675 1497 822 1528 omnibus
843 1497 1036 1533 civitatibus
1060 1499 1161 1533 terris,
1186 1498 1349 1528 limitibus.
1373 1499 1516 1528 terminis=
1534 1502 1566 1528 ct
1583 1498 1758 1528 confinibus

99 1550 300 1591 integraliter
338 1553 371 1580 et
405 1560 477 1580 cum
517 1549 664 1580 omnibus
693 1549 813 1579 iuribus
843 1552 874 1579 et
907 1549 1179 1580 iurisdictionibus
1215 1549 1404 1581 earundem.
1441 1550 1623 1590 patrimonii
1660 1549 1758 1579 etiam

100 1602 188 1633 beati
216 1601 307 1633 Petri
336 1603 368 1632 in
398 1601 514 1632 Tuscia
545 1611 616 1632 011111
648 1600 831 1631 civitatibus
855 1600 1003 1637 Tuderti„
1029 1601 1166 1634 Narnie,
1191 1601 1407 1632 l'rbisveteris
1432 1606 1463 1632 et
1488 1601 1591 1632 Reate
1621 1604 1653 1631 et
1686 1611 1756 1631 cum

103 1653 249 1684 omnibus
273 1653 466 1693 civitatibus,
492 1653 595 1687 101110,
620 1652 785 1687 limitibus,
810 1653 954 1683 terminis
979 1656 1011 1684 et
1035 1653 1211 1683 confinibus
1238 1653 1439 1694 integraliter
1463 1656 1495 1683 ct
1520 1663 1590 1683 cum
1613 1651 1758 1682 omnibus

101 1705 222 1736 iuribus
247 1708 280 1736 et
302 1704 576 1737 iurisdictionibus
602 1705 792 1743 earundem,
818 1706 988 1735 comitatus
1013 1715 1140 1745 1111011110
1167 1704 1297 1735 Sabinie
1329 1715 1398 1735 eum
1424 1705 1552 1734 civitate
1577 1704 1757 1743 1010111011)-

58 1770 83 1789 30
101 1757 191 1788 nensi
215 1760 247 1788 et
271 1767 341 1788 cum
371 1767 444 1788 arce
463 1756 618 1788 Ces-arum
643 1760 675 1787 et
698 1760 783 1787 terra
809 1767 870 1797 que
896 1756 1012 1787 dicitur
1035 1756 1275 1796 Arnulphorum
1301 1766 1371 1786 cum
1397 1755 1542 1786 omnibus
1565 1754 1756 1785 civitatibus.

102 1809 208 1849 terris,
236 1808 405 1847 limitibus,
438 1809 581 1839 terminis
613 1812 645 1839 et
674 1807 851 1839 confinibus
879 1807 1080 1849 integraliter
1111 1811 1143 1838 et
1174 1818 1245 1838 cum
1281 1807 1426 1837 omnibus
1455 1806 1574 1837 iuribus
1610 1814 1642 1836 et
1666 1807 1756 1836 iuris-

102 1859 293 1891 dictionibus
335 1859 529 1898 earundem,
572 1861 742 1890 comitatus
788 1870 916 1900 quoquc
960 1860 1137 1900 Campanie
1176 1862 1273 1900 atque
1309 1859 1469 1889 Maritime
1505 1868 1576 1888 cum
1612 1857 1757 1888 omnibns

101 1911 297 1951 civitatibus,
327 1912 436 1951 terris,
469 1911 638 1951 limitibus,
671 1912 815 1942 terminis
847 1916 879 1942 et
913 1912 1089 1942 confinibus
1124 1912 1187 1941 suis
1223 1910 1424 1951 integraliter
1457 1913 1488 1940 ct
1516 1920 1586 1940 cum
1612 1908 1758 1939 omnibns

100 1963 220 1994 iuribus
244 1967 276 1994 et
299 1963 571 1994 iurisdictionibus
596 1963 781 1994 earundem.

57 2027 82 2047 35
208 2016 253 2055 (4)
277 2015 319 2046 Et
344 2025 385 2046 ex
408 2015 607 2046 habundanti
633 2015 673 2045 tle
698 2026 779 2045 novo
806 2018 837 2046 et
862 2014 903 2045 ad
928 2015 1082 2045 maiorem
1109 2014 1269 2045 cautelam
1298 2013 1498 2054 supradictas
1523 2023 1632 2043 omncs
1657 2016 1757 2042 terras⁴

100 2068 196 2107 atque
220 2067 400 2108 provincias
425 2077 497 2098 eum
523 2066 670 2097 omnibus
693 2066 826 2102 iuribus,
851 2066 1138 2105 iurisdictionibus,
1163 2066 1323 2099 terminis,
1348 2064 1502 2095 limitibus
1527 2067 1558 2094 et
1583 2063 1757 2093 confinibus

101 2118 277 2149 earundem
312 2122 344 2149 et
378 2119 428 2149 ius
459 2129 497 2149 ac
534 2119 771 2159 possessionem
809 2121 841 2148 et
876 2119 1109 2158 proprietatem
1150 2118 1290 2158 ipsorum
1327 2127 1395 2146 01101
1436 2116 1520 2145 omni
1560 2114 1756 2155 plenitudine

100 2170 357 2210 recognoscimus
381 2170 449 2200 11110
474 2170 660 2210 plenissimo
685 2170 726 2200 ad
749 2170 798 2200 ius
823 2173 855 2200 et
878 2170 1110 2210 proprietatem
1142 2172 1250 2199 sancte
1276 2168 1421 2198 Romane
1452 2166 1587 2197 ecclesie
1611 2174 1756 2206 spectare

100 2231 137 2251 ac
165 2221 348 2252 omnimode
380 2222 557 2262 pertinere.
593 2232 629 2252 ac
659 2222 744 2262 ipsas
775 2232 886 2252 omnes
916 2230 1017 2252 terras
1051 2227 1148 2261 atque
1187 2220 1367 2261 provincias
1403 2218 1443 2248 ‹le
1480 2229 1560 2248 nox-o
1594 2227 1755 2247 aveamus.

55 2286 83 2305 40
101 2272 287 2303 innovamus
311 2276 408 2313 atque
427 2272 643 2304 concedimus.
669 2273 830 2313 (1011110103-
855 2272 956 2302 libere
980 2276 1012 2302 et
1029 2271 1229 2304 dimittimus,
1248 2271 1443 2301 restituimus
1468 2277 1499 2299 ct
1524 2269 1754 2299 remim-iainus.

101 2322 234 2355 Necnon
262 2324 303 2355 ad
333 2335 461 2355 omnem
493 2324 677 2365 scrupulum
706 2324 938 2355 removendum
966 2331 997 2354 et
1021 2329 1055 2353 ut
1081 2334 1159 2363 pax.
1192 2323 1281 2363 quies
1313 2327 1409 2361 atque
1439 2319 1650 2359 tranquillitas
1674 2319 1756 2348 inter

103 2375 271 2407 ecclesiam
307 2380 340 2407 et
374 2377 543 2417 imperium
579 2377 699 2417 iugiter
733 2376 841 2417 vigeat
876 2380 909 2406 et
943 2376 1058 2406 futuris
1094 2374 1190 2404 dante
1227 2373 1364 2403 Domino
1395 2370 1591 2411 temporibus
1620 2369 1756 2399 telis-iter

101 2430 260 2468 augeatur
299 2431 331 2458 et
366 2429 468 2458 omnis
497 2429 710 2459 contentionis
739 2432 771 2458 et
806 2427 1012 2458 dissensionis
1041 2425 1211 2456 cuins-libet
1242 2424 1374 2454 materia
1406 2421 1626 2462 precludatur.
1663 2428 1751 2460 prout

101 2478 216 2510 melius
240 2483 272 2510 et
296 2479 453 2510 efficatius
477 2480 546 2510 fieri
579 2484 611 2510 et
635 2480 771 2520 intelligi
795 2487 912 2520 potest‚
948 2478 1153 2509 011110011111111.«ι
1186 2477 1285 2517 ipsus.
1312 2474 1504 2505 conferimus
1534 2476 1565 2501 et
1600 2471 1753 2501 donamus

55 2542 84 2561 45
103 2529 143 2561 de
166 2541 258 2562 novo.
304 2531 536 2562 Promittentes
569 2534 601 2562 et
629 2531 810 2572 obligantes
844 2541 916 2566 nos,
946 2534 1039 2570 prout
1071 2529 1195 2569 plenius
1221 2532 1252 2557 ct
1277 2527 1433 2556 efficatius
1462 2533 1643 2564 possumus.
1669 2521 1752 2561 qnod

101 2581 187 2612 nullo
210 2592 351 2624 unquam
381 2587 528 2623 tempore
554 2583 783 2623 occupabimus
812 2582 862 2612 vel
887 2582 1053 2621 occupari.
1083 2588 1234 2620 quantum
1268 2579 1294 2607 in
1327 2577 1418 2606 nobis
1450 2582 1506 2606 est.
1533 2574 1753 2614 permittemus

101 2633 260 2673 civitates⁷
285 2634 370 2674 loca3
400 2640 518 2674 castra7
547 2638 649 2665 terras
674 2637 706 2664 ct
730 2634 910 2675 provincias
934 2631 1134 2673 supradictas
1160 2630 1208 2659 vel
1234 2629 1372 2668 aliquam
1404 2628 1542 2667 ipsarum
1568 2624 1617 2653 vel
1643 2634 1751 2653 earnm

102 2687 242 2724 partem,
272 2695 330 2716 nec
358 2686 392 2716 in
420 2686 495 2726 ipsis
524 2685 575 2716 vel
603 2686 711 2726 aliqua
741 2686 881 2726 ipsarum
914 2683 964 2713 vel
996 2693 1104 2713 earnm
1137 2689 1226 2721 parte
1258 2679 1505 2709 iurisdietionem
1532 2677 1670 2716 aliquam
1696 2685 1753 2715 per

101 2745 159 2766 nos
181 2736 232 2767 vel
255 2747 314 2778 per
337 2737 434 2768 alium
459 2747 609 2779 geremus
633 2737 684 2768 vel
709 2737 948 2775 exercebimus,
978 2746 1035 2765 nec
1066 2735 1133 2764 iura
1158 2733 1279 2773 aliqua.
1311 2730 1528 2771 [mss-essiones
1553 2727 1601 2757 vel
1627 2730 1751 2757 tenutas

62 2799 88 2819 zo
105 2785 294 2819 habebimus
321 2789 374 2820 vel
401 2788 639 2830 possidebimus
675 2789 704 2819 in
741 2788 863 2819 eisdem
900 2787 992 2817 terris
1022 2785 1071 2815 vel
1101 2784 1269 2824 provinciis
1302 2781 1351 2811 vcl
1387 2780 1493 2820 aliqua
1527 2779 1665 2818 ipsarum
1697 2788 1751 2807 seu
