2044 3137
479 165 641 191 HEINRICI
663 166 722 191 VH.
744 166 1069 194 cwiffisTl'l'L‘Tlcmlis.
1108 169 1180 194 1311.
1214 168 1261 194 Nr.
1275 169 1332 194 545.
1667 174 1725 202 501

119 252 260 283 alterius.
286 262 359 292 ymo
379 251 509 282 detenta
538 260 569 282 et
587 258 743 293 occupata
767 264 824 294 per
849 265 920 284 cum
939 255 1005 284 sine
1024 255 1273 286 contradictione
1291 257 1434 296 qualibet
1452 257 1576 287 <limitat
1594 257 1637 288 illi
1655 268 1728 298 per-

122 314 198 334 sone
217 304 304 334 cuius
322 311 404 333 sunt.
445 304 579 338 Quodsi
605 304 643 334 de
669 305 867 335 (111-1151111015·
891 314 946 336 aut
964 306 1084 336 iuribus
1108 309 1322 338 controveisia
1341 308 1390 338 vel
1415 309 1594 339 resistentia
1620 309 1726 350 aliqua

120 355 230 386 fuerit.
262 358 389 385 recurat
417 356 535 396 petitor
559 355 599 386 ad
625 357 776 387 vicarium
801 358 952 388 civitatis.
979 359 1031 399 11111
1056 363 1168 388 vocato
1193 359 1377 389 adversario
1402 359 1512 390 audiat
1537 368 1568 390 ct
1592 360 1729 392 diffiniat

121 417 249 437 causam
268 417 379 437 corum
398 417 493 447 super
510 409 705 447 possessorio
724 408 773 438 rel
798 410 958 449 petitorio,
984 414 1077 450 prout
1094 414 1183 440 actor
1200 411 1336 441 voluerit
1353 411 1484 452 eligere.
1509 413 1575 443 sine
1593 414 1726 453 strepitu

45 470 55 488 ⁵
120 462 152 490 et
174 459 275 499 figura
301 458 409 488 iudicii
434 459 515 489 infra
540 470 634 490 unum
665 470 807 491 mensem
842 468 913 501 post
938 461 1045 491 (latam
1072 463 1259 502 petitionem
1285 474 1353 494 reo.
1387 467 1418 493 et
1447 464 1557 504 puniat
1584 468 1726 495 actorem

119 509 383 541 subcombentem
408 510 439 540 in
457 511 658 541 restitutione
681 522 894 551 expensarum
919 512 995 542 littis
1019 513 1165 543 facienda
1190 524 1254 544 rco.
1294 514 1397 545 Reum
1416 525 1491 545 vero
1517 516 1631 547 iniuste
1650 518 1726 546 resi-

119 566 255 592 stentem
281 572 337 592 seu
362 561 635 592 contradicentem
661 573 743 603 pena
769 567 895 593 centum
921 563 1071 594 librarum
1098 565 1311 605 imperialium
1337 577 1392 606 pro
1411 567 1554 607 qualibet
1578 567 1639 599 die.
1665 578 1728 608 (11111

118 613 292 644 detinuerit
316 624 382 643 rem
408 613 540 654 petitam
567 624 585 643 a¹
609 613 660 644 die
686 613 770 644 facte
795 625 902 645 coram
928 625 966 645 eo
991 626 1087 656 super
1111 616 1177 656 ipsa
1202 628 1235 646 re
1261 618 1433 657 petitionis,
1461 619 1579 658 puniat.

225 675 274 713 (V)
299 673 382 704 Item
407 674 565 704 relaxavit
590 675 697 704 omnia
721 675 836 707 banna.
863 675 977 716 quibus
1001 677 1134 716 supositi
1163 676 1267 707 forent
1297 677 1451 708 hactenus
1481 689 1498 708 a
1529 678 1613 709 dicto
1645 683 1726 710 tem-

33 736 58 755 1⁰
118 736 196 768 pore
221 726 299 756 citra
324 726 409 756 cives
434 725 580 766 predicti.
606 727 659 767 (1111
685 727 860 757 exulabant
884 738 902 757 a
927 729 1055 758 civitate
1081 728 1241 768 predicta.
1266 730 1332 759 sive
1358 740 1412 769 pro
1439 731 1637 761 contumacia
1661 732 1727 762 sive

118 788 174 819 pro
201 777 322 808 offensa
346 787 463 818 magna
480 777 531 808 vel
556 788 655 818 parva
672 777 723 807 vel
747 777 810 808 alia
835 788 1024 819 quacunque
1050 778 1090 808 de
1115 789 1222 817 causa,
1245 790 1420 820 omnesque
1438 781 1598 813 millet-tas.
1622 782 1727 813 tallias

119 833 152 861 et
175 829 266 860 fodra
292 840 482 870 quocunque
507 829 602 859 modo
620 830 770 870 imposita
787 831 908 860 remisit
926 830 1057 861 eisdem.
1098 830 1279 861 Absolvens
1297 842 1351 861 eos
1376 842 1394 862 a
1411 832 1562 872 predictis
1580 834 1726 864 omnibus

119 886 193 913 eta
216 882 309 922 penis
337 889 369 913 et
392 881 532 912 mulctis.
563 892 642 922 quas
672 881 853 912 huiusmodi
887 882 1108 912 occasionibus
1137 883 1338 912 incurissent.
1364 888 1395 912 et
1427 883 1621 924 quibuslibet
1651 896 1725 916 con-

121 933 402 974 dempnationibus
427 937 458 964 et
483 934 573 973 penis
597 942 729 974 propter
751 933 811 964 hoc
836 934 910 964 latis
934 934 984 965 vel
1010 935 1136 964 statutis
1161 935 1191 964 in
1217 945 1280 964 eos.

34 1003 56 1021 ιε.
225 994 288 1035 (Vt)
314 995 397 1025 [tem
421 993 507 1035 quod
532 1004 643 1024 omnes
661 995 745 1024 cives
763 995 897 1035 predicti
915 994 995 1025 lianc
1014 1006 1127 1036 paceni
1146 1000 1177 1025 et
1194 996 1409 1036 suprascripta
1427 996 1533 1026 omnia
1550 1000 1582 1026 ct
1599 997 1723 1037 singula

118 1047 290 1078 observent
314 1049 346 1077 et
370 1046 489 1076 faciant
513 1056 583 1076 curn
610 1046 726 1076 effectu
751 1046 809 1076 sub
835 1046 943 1077 debito
968 1047 1174 1086 prestitorum
1207 1057 1225 1076 11
1250 1046 1392 1086 partibus
1417 1047 1668 1079 iuramentorum
1693 1055 1725 1079 et

118 1099 175 1130 sub
198 1109 283 1139 pena
306 1098 534 1138 indignationis
558 1098 656 1138 ipsius
682 1098 800 1128 domini
825 1099 910 1139 regis
934 1108 970 1128 ac
995 1102 1173 1129 trecentum
1198 1098 1350 1128 librarum
1376 1099 1444 1138 puri
1469 1100 1552 1130 auri.
1579 1101 1725 1141 quotiens

117 1155 227 1182 contra
250 1150 344 1181 fieret
366 1151 397 1180 10
422 1150 553 1191 singulis
578 1150 741 1190 capitulis⁷
766 1150 982 1181 commitenda
1007 1155 1039 1180 et
1064 1150 1226 1191 exigenda
1250 1160 1269 1180 a
1293 1160 1384 1180 secus
1410 1150 1614 1185 facientilms.
1639 1163 1724 1183 com-

117 1202 254 1244 plicibus
279 1206 311 1233 et
334 1201 513 1233 fautoribus
538 1201 724 1232 eorundem.
772 1201 869 1232 Cuius
898 1212 980 1242 pene
1004 1201 1164 1232 medietas
1189 1212 1316 1232 camere
1342 1201 1418 1232 dicti
1442 1202 1562 1233 domini
1586 1204 1670 1244 regis
1695 1214 1726 1235 et

33 1268 56 1287 20
117 1255 182 1286 alia
204 1254 364 1285 medietas
387 1254 471 1294 parti
495 1253 732 1294 obtemperanti
757 1257 789 1283 et
816 1253 999 1284 observanti
1023 1253 1167 1294 predicta
1192 1253 1380 1294 aplicentur.

225 1315 304 1355 (VII)
329 1315 412 1345 Item
438 1314 524 1355 quod
548 1314 683 1355 predicti
708 1314 829 1355 syndici
847 1314 1027 1344 nominibus
1046 1314 1161 1355 quibus
1185 1325 1281 1355 supra
1303 1324 1416 1354 pacem
1434 1314 1614 1345 huiusmodi
1640 1317 1726 1356 pacis

117 1366 403 1398 intervenientibus
427 1366 543 1397 osculis
568 1370 601 1397 et
624 1366 769 1407 predicta
794 1367 900 1396 onmia
925 1370 956 1396 et
980 1367 1105 1407 singula
1131 1377 1255 1397 exnunc
1279 1370 1463 1407 acceptent.
1489 1367 1669 1407 approbent
1694 1377 1725 1399 et

119 1419 305 1460 emologent
329 1427 361 1450 et
385 1430 403 1449 a
427 1419 491 1450 suis
515 1419 682 1449 secacibus
713 1424 745 1449 et
775 1418 953 1449 fautoribus
978 1424 1089 1448 curent
1118 1427 1150 1448 et
1182 1418 1300 1448 faciant
1330 1428 1387 1458 pro
1412 1417 1530 1448 viribus
1555 1418 1726 1451 observari.

187 1490 230 1529 (3)
255 1488 327 1520 Hec
352 1492 461 1520 autem
485 1492 520 1519 ut
543 1488 726 1528 premititur
750 1487 852 1518 dictus
878 1488 1023 1518 (lominus
1054 1498 1111 1518 rex
1136 1498 1233 1528 super
1257 1487 1421 1517 discordiis
1446 1487 1661 1528 predictorum
1686 1489 1727 1520 ad

35 1552 58 1572 25
77 1551 208 1582 presens
232 1541 454 1582 pronunciavit
478 1547 510 1570 et
527 1541 647 1572 statuit.
672 1544 832 1580 retempta
850 1539 1000 1570 videlicet
1025 1545 1056 1570 et
1081 1544 1242 1570 reservata
1269 1539 1328 1569 sibi
1346 1538 1529 1569 omnimoda
1554 1543 1725 1579 potestate.

78 1603 116 1624 ea
141 1594 246 1624 onmia
271 1596 302 1624 et
325 1592 450 1633 singula
474 1591 717 1633 interpretandi.
742 1591 937 1625 declarandi.
963 1591 1111 1632 suplcndi
1138 1597 1169 1622 et
1194 1591 1373 1631 corrigendi
1399 1595 1429 1621 ct
1446 1601 1542 1631 super
1566 1591 1635 1621 aliis
1653 1603 1726 1632 pro-

76 1645 247 1676 nunciandi
271 1648 304 1676 et
327 1644 499 1676 statuendi.
523 1644 595 1675 ubi.
621 1643 748 1684 quaudo
775 1647 806 1674 et
830 1644 983 1684 1111091905
1007 1643 1123 1673 viderit
1148 1642 1313 1684 expedire.
1361 1642 1421 1678 Qui
1453 1642 1581 1683 quidem
1607 1643 1727 1683 syndici

78 1700 110 1727 et
132 1700 357 1738 procuratores
380 1696 517 1738 predicti
541 1695 723 1726 nominibus
751 1695 866 1736 quibus
897 1705 992 1735 supra
1022 1695 1215 1725 unanimiter
1245 1698 1277 1725 et
1310 1694 1523 1726 concorditer.
1555 1694 1663 1725 audita
1696 1700 1727 1726 et

76 1748 241 1780 intellecta
265 1749 481 1790 suprascripta
505 1748 581 1778 dicti
606 1747 725 1778 domini
750 1748 835 1788 regis
859 1748 1028 1778 sententia.
1052 1747 1154 1787 ipsam
1179 1750 1211 1777 et
1235 1747 1341 1777 onmia
1366 1747 1434 1776 eius
1451 1746 1589 1786 capitula
1614 1752 1726 1787 sponte

35 1812 60 1831 ³0
78 1804 110 1831 et
126 1804 291 1842 gratanter
306 1805 564 1842 acceptaverunt.
591 1800 851 1841 approbaverunt
869 1804 901 1830 et
919 1799 1193 1839 e1n‹1›logaverunt.
1275 1798 1491 1829 Promitentes
1515 1798 1574 1828 sibi
1592 1799 1726 1829 invicem

77 1853 257 1884 nominibus
288 1853 401 1894 quibus
433 1863 528 1893 supra
559 1862 596 1882 ac
621 1852 706 1882 dicto
732 1851 860 1882 domino
891 1852 958 1891 regi
992 1861 1048 1891 per
1074 1854 1163 1891 pacta
1197 1860 1351 1891 expressa
1381 1853 1411 1879 et
1443 1849 1499 1879 sub
1530 1849 1726 1890 obligatione

78 1906 218 1936 omnium
235 1905 391 1936 bonorum
416 1914 544 1935 suorum
571 1907 604 1934 et
620 1903 837 1945 predictorum
856 1903 1055 1933 dominorum
1075 1913 1214 1937 suorum,
1240 1912 1373 1942 quorum
1399 1907 1469 1931 sunt
1494 1906 1726 1942 prm-uiatores.

78 1958 108 1988 in
132 1967 215 1999 pena
240 1962 272 1988 et
296 1957 354 1987 sub
378 1967 462 1997 pena
486 1956 645 1997 predicta.
670 1955 854 1996 supradicta
879 1955 1025 1985 universa
1052 1962 1083 1985 ct
1108 1954 1232 1995 singula
1256 1953 1424 1984 attendere
1449 1953 1556 1983 facere
1586 1960 1617 1983 et
1641 1964 1726 1984 com-

78 2009 166 2050 plere
198 2012 230 2040 et
258 2008 300 2039 ad
332 2009 432 2039 sancti
461 2008 521 2039 Dei
555 2008 725 2048 euangelia
756 2007 965 2048 90111011111191·
1001 2010 1083 2037 tacta
1115 2007 1144 2036 in
1181 2007 1303 2036 animas
1337 2016 1410 2035 suas
1445 2009 1476 2035 et
1512 2004 1726 2045 predictorum

36 2070 60 2089 ³⁵
79 2061 278 2092 dominorum
303 2071 431 2091 suorum
455 2061 650 2091 iuraverunt.
691 2059 918 2090 Condonantes
942 2059 999 2088 sibi
1026 2062 1058 2088 ct
1083 2059 1268 2089 remitentes
1293 2058 1427 2087 invicem
1454 2067 1564 2086 omnes
1588 2057 1726 2088 iniurias.

78 2113 296 2144 restitutiones
320 2121 353 2144 et
377 2112 530 2143 emendas
554 2111 726 2152 predictas.
751 2121 822 2141 sese
847 2111 877 2140 in
902 2111 1026 2151 signum
1052 2110 1140 2150 pacis
1165 2110 1299 2140 invicem
1326 2108 1515 2138 osculantes.

186 2183 232 2223 (4)
256 2182 443 2223 Precipiens
468 2181 554 2212 idem
579 2181 727 2212 dominus
752 2191 809 2211 rex
834 2180 925 2211 nobis
949 2179 1115 2210 Bel-nardo
1142 2184 1173 2209 et
1197 2177 1369 2219 Leopardo
1395 2177 1526 2207 notariis
1550 2177 1725 2207 ,0111111110-

78 2234 212 2275 scriptis,
235 2238 271 2265 ut
295 2235 335 2265 de
360 2234 512 2275 predictis
536 2233 690 2264 faciamus
714 2233 843 2274 publica
867 2233 1086 2262 instrumenta.

185 2297 269 2326 Acta
293 2299 365 2326 sunt
395 2295 454 2325 hec
478 2295 509 2324 in
535 2295 662 2325 civitate
686 2294 872 2334 Medyolani
903 2294 933 2323 in
962 2293 1086 2333 palacio
1112 2292 1211 2321 veteri
1241 2291 1383 2320 comunis
1408 2289 1670 2319 Mediolanensis.
1697 2289 1725 2318 iu

36 2358 61 2377 1ο
80 2357 207 2379 camera
241 2347 317 2378 dicti
353 2347 473 2377 domini
502 2346 602 2387 regis.
640 2345 842 2387 presentibus
877 2345 1014 2375 dominis
1047 2343 1214 2374 Baldwino
1250 2342 1492 2381 archiepiscopo
1526 2340 1725 2371 Treverensi.

80 2397 235 2431 Castrono
257 2399 499 2439 archiepiscopo
516 2397 769 2438 Medyolanensi.
794 2397 972 2437 Papiniano
996 2397 1146 2436 episcopo
1164 2394 1341 2424 Parmensi.
1367 2391 1556 2422 Tlieobaldo
1575 2392 1725 2431 episcopo

78 2451 265 2491 Leodiensi,
295 2450 444 2481 Amedeo
470 2450 586 2480 comite
612 2448 790 2487 Sabaudie,
819 2448 974 2479 Mol-vello
999 2447 1192 2487 marcliyonc
1218 2445 1411 2485 Malespine.
1441 2443 1632 2482 Hugucione
1658 2443 1725 2482 epi-

79 2513 173 2544 scopo
198 2503 403 2537 Novariensi,
431 2501 573 2532 Henrico
599 2501 638 2531 de
663 2500 837 2532 Geldonia.
862 2500 997 2530 Albcrto
1029 2499 1068 2528 119
1094 2497 1241 2537 Fulgosis
1273 2496 1311 2526 de
1336 2495 1499 2526 Placentia
1532 2498 1563 2524 ct
1588 2494 1726 2534 Symonc

81 2554 120 2586 de
144 2554 321 2586 Colubiano
347 2553 482 2585 testibus
506 2553 547 2583 ad
570 2553 726 2593 premissa
750 2553 869 2583 vocatis
895 2557 926 2581 et
950 2551 1078 2589 rogatis.

37 2637 62 2656 45
188 2623 231 2664 (S.
249 2623 300 2662 N.)
336 2623 406 2664 Ego
438 2626 545 2653 autem
577 2621 761 2652 Bernardus
792 2621 831 2652 119
862 2621 1004 2651 Mei-cato
1035 2619 1074 2649 (le
1099 2618 1213 2648 chna
1237 2615 1423 2646 Bellicensis
1455 2614 1589 2644 diocesis
1620 2625 1724 2644 sacro-

81 2680 187 2707 sancte
222 2676 369 2707 Romane
402 2675 536 2705 ecclesie
572 2684 608 2704 111·
650 2674 729 2703 sacri
765 2674 888 2713 imperii
925 2671 1113 2702 auctoritate
1152 2668 1296 2710 publicus
1330 2668 1471 2698 notarius
1506 2666 1659 2695 universis
1695 2670 1726 2696 ct

81 2727 212 2769 singulis
246 2727 469 2768 suprascriptis
499 2736 562 2756 una
593 2736 663 2756 cum
695 2726 846 2765 magistro
872 2723 1041 2764 Leopardo
1073 2722 1195 2752 notario
1225 2720 1425 2760 infrascripto
1460 2728 1590 2759 presens
1619 2717 1660 2747 fui
1694 2722 1725 2747 ct

81 2779 161 2811 hanc
185 2784 306 2810 cartam
331 2789 424 2809 manu
450 2779 578 2819 propria
603 2778 711 2817 scripsi
738 2778 892 2817 signoque
917 2786 988 2806 meo
1014 2778 1164 2805 consueto
1190 2772 1311 2811 sig-navi
1336 2771 1471 2801 feliciter
1496 2773 1633 2809 rogatus.
