2071 3132
9 728 31 745 10

10 988 31 1005 15

7 1248 30 1267 ¹20

7 1508 30 1527 2⁵

5 1766 29 1786 30

5 2110 28 2129 ³5

6 2368 30 2387 40

6 2627 29 2647 45

440 164 593 190 ALHER'M
619 166 719 191 tultus
739 166 1062 193 eoNsTlTL'TIONES.
1101 168 1173 193 1303.
1211 168 1330 194 Nr.174.
1654 175 1707 203 147

55 249 259 280 multitudine
288 251 470 284 curialium.
501 253 693 283 auctoritate
722 254 896 294 apost‹.›liea
928 260 960 285 et
988 255 1027 285 ‹le
1052 255 1229 296 apostolice
1255 256 1453 296 plenitudino
1481 259 1650 297 potestatis
1678 265 1713 289 te

56 302 85 331 in
111 302 283 342 specialem
312 302 409 332 filium
436 307 577 334 nostrum
603 305 773 345 recipimus
803 314 835 336 et
859 306 994 336 ecclesie
1021 312 1197 337 memmute
1227 318 1263 338 ac
1296 309 1325 338 in
1351 319 1461 349 regem
1488 309 1708 340 Romanorum

55 354 256 383 assumimusi
288 355 317 384 in
346 355 574 395 imperatorem
605 361 736 387 auctore
765 357 903 388 Domino
935 359 1198 398 promswendum.
1256 360 1413 390 Yolentes
1446 369 1477 391 et
1515 365 1706 399 statuentes,

56 411 89 435 ut
125 405 165 435 de
195 415 302 436 cetero
333 406 405 436 talis
437 407 519 436 tilius
552 418 674 448 rexque
710 408 929 440 Romanorum
967 411 1087 440 existas
1120 412 1148 441 in
1184 412 1411 452 imperatorem
1448 417 1483 443 ut
1514 415 1709 453 premittitur

54 457 307 498 promovendus,
340 467 370 487 et
395 458 480 498 quod
512 469 569 499 pro
596 459 650 489 tali
679 460 719 490 al)
745 461 815 490 aliis
840 461 989 492 habearis
1015 462 1135 503 tibique
1161 464 1242 493 sieut
1266 464 1484 494 Romanorum
1510 466 1578 505 regi
1604 466 1707 495 eleeto

52 508 195 549 legitime
228 514 259 539 et
292 511 484 550 Aquisgrani
509 515 661 541 coronato
690 512 814 542 obediri
840 513 960 543 debere
990 514 1030 544 ab
1056 515 1203 545 omnibus
1228 525 1260 546 ot
1283 517 1415 556 singulis
1440 527 1530 546 sacro
1558 517 1707 547 Romano

52 561 204 591 subiectis
228 562 377 602 imperio.
407 563 487 592 sicut
511 564 615 603 [nii-eri
645 564 727 594 solet
759 572 790 595 et
815 565 914 595 debet
939 566 1223 606 predeccssorilms
1247 569 1308 598 tuis
1333 568 1551 599 Romanorum
1579 570 1708 609 regibus

52 613 195 653 legitime
214 613 403 643 intrantibus
422 620 454 644 et
478 625 496 644 a
513 615 640 655 prefata
664 615 741 646 sede
759 616 913 647 haetenus
938 618 1134 658 approbatis.
1176 619 1370 660 Supplentes
1388 632 1515 651 omnem
1534 621 1707 652 defectum.

52 664 77 694 si
106 665 175 705 quis
204 670 258 695 aut
287 666 409 696 ratione
440 666 541 696 forme
573 676 627 697 aut
659 669 781 698 ratione
811 674 864 699 tue
895 670 945 699 vel
974 674 1101 700 tuorum
1133 671 1307 702 electorum
1340 684 1550 713 personarum
1579 684 1636 703 seu
1667 684 1707 703 ex

51 717 163 757 quavis
191 717 251 747 alia
285 718 407 748 ratione
434 718 484 748 vel
515 730 612 749 causa
636 720 702 750 sive
728 731 919 761 quoeunspie
950 721 1045 751 modo
1072 723 1101 752 in
1127 722 1306 753 huiusmodi
1333 732 1387 754 tua
1412 725 1586 761 ‹dt-‹ftionei
1616 737 1711 755 eoro-

51 768 179 798 natione
204 779 240 799 ae
266 769 542 801 administratione
576 772 674 802 fuisse
700 777 857 802 noscatur.
905 772 1022 803 Omnia
1047 774 1176 814 insuper
1205 779 1236 805 et
1261 776 1386 816 singula
1411 788 1467 816 per
1498 782 1527 807 te
1553 778 1602 807 vel
1629 777 1708 807 alios

52 820 92 852 de
116 821 268 852 mandato
300 826 354 853 tuo
380 823 463 853 faeta
495 828 526 854 et
557 824 667 855 habita
701 826 729 855 in
755 826 1030 857 administratione
1056 827 1215 867 predicta,
1248 839 1308 868 que
1340 828 1419 858 alias
1452 829 1531 859 iusta
1565 832 1596 859 et
1621 830 1708 860 licita

52 873 242 906 extitissent.
267 875 310 904 ita
334 875 442 905 valere
468 875 669 907 decernimus
695 881 727 907 et
750 881 876 911 tenere,
911 879 991 909 sieut
1015 879 1038 909 si
1065 879 1298 910 administratio
1324 881 1390 920 ipsa
1417 880 1475 911 tibi
1501 882 1706 921 competiisse

51 924 194 965 legitime
224 934 418 957 nosceretur.
473 930 518 967 (7)
543 928 778 959 Excellentiam
805 931 913 970 itaque
938 931 1060 971 regiam
1086 942 1267 967 monemus‚
1299 943 1449 973 rogamus
1481 936 1512 962 et
1543 933 1709 964 hortamur

51 980 173 1007 attente
197 988 234 1008 ae
252 978 458 1009 obsecramus
482 980 512 1009 in
531 980 594 1010 tilio
619 980 681 1011 Dei
699 982 807 1021 patris,
833 983 982 1022 quatinus
1006 982 1046 1012 ad
1064 983 1167 1023 ipsum
1186 983 1289 1014 Deum
1310 988 1341 1014 et
1358 984 1518 1024 prefatam
1537 985 1706 1015 eie-clesiam

50 1032 185 1059 matrem
218 1034 304 1060 tuam
332 1036 473 1061 mentem
508 1036 540 1062 et
578 1032 688 1062 oculos
724 1037 795 1063 tuos
828 1033 968 1074 dirigens
1006 1038 1192 1065 1·ex·er‹‘=nter
1227 1046 1263 1065 ae
1295 1035 1527 1076 benignitatem
1565 1045 1706 1067 nostram

49 1080 198 1121 dicteque
231 1083 355 1122 matris,
386 1093 446 1122 qua
480 1089 653 1124 preventus
682 1086 884 1124 agnosceris,
917 1086 1034 1116 devota
1065 1087 1274 1117 111s=dirati0no
1311 1088 1517 1118 considerans
1553 1088 1705 1130 illamque

48 1132 250 1163 conscribens
274 1134 305 1164 in
323 1136 461 1165 sacrario
487 1136 533 1166 tui
551 1137 691 1176 pectoris
716 1137 792 1167 inibi
818 1137 876 1168 sul)
894 1139 1114 1179 recognitione
1141 1139 1250 1169 debita
1269 1144 1427 1180 perpetuo
1455 1152 1705 1181 permansuram,

48 1184 129 1214 sicut
152 1184 430 1217 christianissinms
455 1188 697 1229 catholicusque
724 1190 872 1230 princeps
897 1190 959 1220 fide
984 1191 1164 1231 preclarus.
1196 1192 1341 1222 claritate
1367 1192 1508 1228 fervens,
1534 1192 1705 1223 devotione.

49 1236 190 1267 sincerus
214 1241 247 1268 et
270 1238 386 1268 iudicio
412 1244 517 1270 rectus
542 1240 677 1271 eandem
696 1241 865 1272 eeclesiam
892 1247 924 1272 et
942 1242 1125 1273 libertatem
1144 1244 1395 1275 e‹;·elesiastiea1n
1420 1244 1557 1274 ubilibet
1581 1256 1705 1275 summo

49 1288 153 1319 studio
172 1289 310 1330 totisque
329 1291 447 1321 viribus
464 1293 602 1322 revereri
620 1297 653 1323 et
668 1293 775 1323 colere
794 1293 925 1324 studeas
943 1305 979 1324 ac
998 1295 1089 1329 tueri,
1116 1299 1148 1325 et
1172 1299 1264 1336 grata
1289 1300 1321 1327 et
1337 1296 1471 1335 grandia
1490 1297 1548 1337 ipsi
1568 1297 1704 1327 ecclesie

49 1350 105 1380 pro
140 1341 238 1381 gratis
275 1346 307 1372 et
334 1342 509 1382 grandibus
541 1344 692 1385 impensis
729 1344 786 1375 tibi
818 1346 1003 1376 muneribus
1035 1357 1270 1388 recompenses.
1328 1348 1471 1389 Populos
1508 1360 1635 1390 quoque
1674 1350 1704 1379 in

49 1392 191 1433 equitate
216 1393 337 1424 iudices
362 1398 394 1424 et
418 1394 537 1436 dirigas
562 1397 592 1426 in
617 1397 709 1426 terris
733 1397 792 1427 tibi
817 1397 969 1428 subiectis
993 1399 1136 1438 gentium
1162 1400 1307 1430 nationes
1333 1400 1373 1430 ad
1398 1400 1534 1435 bouum,
1563 1411 1600 1431 ac
1625 1401 1705 1431 alias

49 1444 218 1474 commissa
254 1445 310 1475 tibi
345 1446 435 1486 regni
471 1452 502 1477 et
538 1448 662 1488 imperii
693 1448 913 1489 gubernacula
942 1451 1090 1491 congruis
1122 1451 1321 1491 temporibus
1358 1453 1401 1482 sie
1434 1452 1641 1483 laudabiliter
1673 1457 1704 1483 et

49 1495 169 1527 utiliter
193 1498 378 1538 exequaris,
411 1498 495 1539 quod
528 1504 638 1530 eterne
665 1501 727 1531 vite
759 1502 928 1541 premiumq
955 1501 1038 1532 illius
1068 1502 1124 1533 tibi
1158 1503 1293 1533 dextera
1323 1504 1533 1544 suffragante.
1566 1515 1584 1534 a
1615 1505 1704 1535 salius

48 1548 266 1579 misericordia
305 1560 398 1580 omne
434 1550 543 1581 (latum
579 1553 734 1592 optimum
771 1558 802 1583 et
839 1564 932 1583 omne
975 1554 1093 1584 donum
1137 1556 1316 1595 perfeetum
1351 1556 1549 1590 (lescendit1,
1585 1557 1702 1587 exinde

49 1601 199 1641 consequi
225 1602 377 1632 merearis
403 1609 435 1633 et
451 1604 578 1643 prefate
604 1604 741 1635 ecclesie
767 1609 797 1635 te
815 1609 942 1646 gratum
968 1610 1000 1636 et
1017 1606 1127 1637 utilem
1145 1607 1244 1637 filium
1263 1612 1467 1648 representes
1491 1619 1528 1638 ae
1553 1608 1592 1639 de
1618 1609 1701 1639 bono

48 1661 175 1692 semper
201 1652 232 1682 in
262 1653 375 1683 melius
404 1654 433 1684 in
466 1655 533 1685 eius
563 1655 735 1686 dilectione
761 1667 948 1687 emicreseas
975 1658 1083 1698 tuique
1109 1659 1195 1689 fama
1219 1660 1355 1689 nominis
1381 1659 1474 1690 latius
1498 1661 1528 1690 in
1553 1661 1702 1701 gentibus

49 1703 229 1735 extollatur.
321 1706 366 1744 (δ)
392 1706 476 1736 Nulli
503 1717 579 1748 ergo
604 1709 732 1738 omnino
758 1709 921 1739 hominum
946 1709 1042 1740 liceat
1067 1710 1147 1740 hanc
1174 1712 1323 1751 paginam
1362 1716 1467 1743 nostre
1494 1713 1700 1753 receptionis7

48 1757 286 1796 assumptionis,
318 1758 443 1795 statuti‚
473 1759 732 1801 supplect[i]onis
761 1764 793 1791 et
818 1762 1052 1791 constitutionis
1076 1762 1250 1803 infringere
1276 1764 1326 1793 vel
1353 1764 1381 1794 ei
1413 1774 1491 1794 ausu
1527 1766 1700 1795 temerario

47 1808 214 1839 contraire.
255 1808 287 1839 Si
312 1810 381 1850 quis
405 1814 513 1841 autem
538 1811 598 1842 hoc
622 1815 816 1853 attemptare
842 1815 1083 1854 presumpserit,
1108 1814 1361 1855 indignationem
1387 1817 1614 1857 omnipotentis
1640 1817 1699 1847 Dei

48 1862 79 1889 et
102 1859 269 1891 beatorum
294 1860 383 1892 Petri
409 1865 440 1892 et
464 1862 557 1893 Pauli
581 1864 801 1904 apostolorum
827 1866 893 1895 eius
918 1876 951 1896 se
977 1867 1101 1896 noverit
1126 1867 1334 1898 incursurum.

153 1911 227 1944 Dat.
252 1913 414 1950 Laterani,
442 1914 480 1945 11.
500 1915 571 1946 Kal.
597 1915 683 1952 Maii,
709 1917 912 1957 pontificatus
937 1919 1034 1948 nostri
1060 1929 1141 1948 anno
1167 1930 1260 1950 nouo.

154 2041 194 2072 In
218 2042 247 2072 R
265 2041 324 2082 fol.
341 2044 414 2073 ‚³175st
439 2044 513 2074 haec
535 2046 746 2084 seqmmtm·2:

153 2101 194 2132 In
223 2102 423 2143 e(unde1n)
453 2105 635 2145 m(odum)
665 2107 885 2138 venerabili
918 2109 1031 2138 fratri
1063 2134 1094 2139 ..
1127 2109 1430 2151 archiepiscopo
1460 2110 1698 2152 Maguntino.

194 2153 300 2185 Patris
331 2157 431 2186 eterni
463 2157 545 2187 filius
577 2162 646 2189 etc.
678 2162 717 2189 ut
755 2160 790 2189 in
830 2161 1005 2200 proxima
1037 2162 1236 2201 superiori
1267 2162 1395 2192 verbis
1428 2167 1700 2203 competenter

88 2207 245 2236 mutatis
264 2217 333 2248 usq
342 2218 385 2238 ue
403 2209 607 2249 competiisse
625 2210 769 2251 legitime
783 2217 978 2242 nosceretur.
1008 2212 1151 2253 Ideoque
1166 2212 1401 2244 fraternitatem
1420 2218 1506 2244 tuam
1521 2225 1697 2249 monemus,

88 2267 237 2298 rogamus
262 2266 294 2289 et
318 2259 482 2290 hortamur
506 2264 628 2292 attente
654 2272 712 2302 per
736 2263 914 2303 apostolica
939 2264 996 2294 tibi
1021 2265 1138 2305 scripta
1157 2265 1357 2300 mandantesq
1383 2267 1532 2306 quatinus
1556 2271 1697 2297 mentem

90 2312 175 2340 tuam
200 2321 271 2341 cum
289 2311 460 2343 devotione
486 2313 595 2344 debita
612 2314 823 2355 beneplacitis
847 2316 962 2346 nostris
986 2317 1016 2346 in
1042 2317 1100 2347 hae
1126 2320 1217 2357 parte
1235 2323 1398 2358 coaptans,
1425 2318 1561 2348 eundem
1587 2329 1697 2359 regem

88 2360 329 2393 honorificentia
354 2364 511 2405 condigna
529 2368 706 2406 pertractes
724 2367 848 2408 sibique
873 2372 907 2398 ut
923 2367 1142 2399 Romanorum
1168 2370 1235 2409 regi
1260 2370 1290 2400 in
1311 2371 1539 2410 imperatorem
1565 2375 1695 2400 auctore

88 2412 226 2444 Domino
250 2416 470 2455 promovendo
496 2416 612 2448 devote
641 2429 678 2448 ae
702 2418 867 2449 humiliter
891 2420 1038 2451 intendas
1063 2425 1094 2450 et
1118 2431 1248 2461 pareasq
1282 2422 1363 2452 sieut
1387 2421 1504 2455 debest
1536 2422 1579 2451 ita
1611 2421 1695 2461 quod

90 2465 205 2496 exinde
222 2470 362 2497 nostram
381 2472 414 2498 et
430 2469 554 2508 prefate
572 2469 657 2500 sedis
675 2470 987 2502 commendationem
1013 2476 1045 2502 et
1066 2474 1202 2512 gratiam
1222 2473 1346 2513 plenius
1363 2474 1512 2513 eonsequi
1532 2473 1695 2511 merearis⁷

89 2519 121 2547 et
142 2517 284 2557 prefatus
307 2529 363 2549 rex
388 2520 417 2550 in
442 2524 496 2550 tua
518 2521 700 2553 sinceritate
719 2522 846 2563 letetur,
871 2527 969 2564 tuque
994 2524 1023 2554 in
1049 2535 1087 2554 eo
1106 2524 1355 2555 benivolentiam
1375 2526 1531 2555 sinceram
1549 2525 1696 2554 obtineas

90 2568 215 2599 assidue
240 2569 297 2600 tibi
321 2570 416 2601 dante
442 2571 579 2602 Domino
604 2574 787 2613 gratiosam.

195 2620 268 2652 Dat.
294 2625 328 2652 ut
352 2633 457 2663 supra.

150 2705 212 2732 174.
232 2707 250 2739 i)
269 2709 380 2740 seqnitur
397 2718 481 2740 paron
500 2718 595 2734 rasura
616 2711 646 2735 Α.

149 2766 173 2798 1)
194 2766 247 2792 Iac.
263 2771 281 2798 1,
294 2771 328 2792 17.
420 2768 447 2799 2)
468 2768 585 2794 Contuli!
606 2769 768 2804 Poyalsclwr.
808 2771 959 2796 Ezliderwzt
980 2771 1059 2804 Rom)
1078 2772 1093 2797 l.
1108 2780 1128 2797 c.
1152 2771 1208 2803 III,
1226 2776 1236 2797 1
1261 2781 1323 2804 qu.
1343 2776 1390 2798 :522
1417 2780 1457 2798 nr.
1477 2776 1529 2798 340*
1554 2777 1577 2799 εί
1605 2774 1694 2799 minus

48 2811 168 2834 accurate
190 2808 302 2835 Theiner
321 2810 336 2836 I.
350 2818 370 2835 c.
384 2814 433 2836 368
451 2810 486 2836 ad
505 2820 544 2836 ar.
557 2816 613 2837 567.

1438 2869 1447 2893 ]
1454 2868 1484 2894 9³⁴²
