2044 3137
31 725 56 744 10

30 985 52 1003 1³

29 1243 54 1262 20

28 1515 52 1534 25

28 1772 52 1792 30

28 2031 51 2050 3⁵

27 2294 53 2313 40

28 2566 52 2584 45

472 157 635 183 HElNRICI
658 157 717 184 VII.
738 157 1062 184 CONSTITUTIONES.
1102 159 1175 184 1311.
1206 159 1254 184 ΧΓ.
1269 160 1326 185 5:33.
1665 162 1726 191 505)

76 242 218 283 predicte
244 243 417 283 provincie,
442 243 596 283 malit-iis,
621 246 745 284 guerris
777 248 808 276 et
837 244 1003 275 discordiis
1031 245 1223 286 inhibendis,
1290 247 1505 287 promiserunt
1534 248 1726 278 unanimiter

76 293 210 334 predicti
228 294 339 325 sindici
358 301 390 324 et
411 300 644 335 procuratores.
670 296 839 327 sindicario
865 300 896 327 et
915 298 1132 337 procuratorio
1150 298 1277 328 nomine
1296 299 1458 329 civitatum
1484 306 1515 329 et
1532 299 1677 330 villarum
1695 307 1728 331 ut

76 356 180 386 supra,
243 346 473 376 constituerunt
497 347 640 387 predicto
665 348 793 379 domino
812 348 930 388 presidi
949 349 1013 378 sive.
1030 349 1149 379 vicario
1168 351 1309 390 presenti
1327 354 1358 380 et
1374 351 1541 391 recipienti
1558 351 1726 392 sollempni

76 398 280 438 stipulatione
305 398 556 437 inte1¹vcniente‚
587 399 663 429 dare
689 410 725 430 ac
749 400 873 430 solvere
899 400 1003 430 eidem
1030 400 1157 430 domino
1187 401 1306 441 presidi
1334 402 1384 431 vel
1414 403 1481 432 eius
1505 406 1591 433 certo
1619 404 1726 434 nuntio

75 449 125 479 vel
142 448 294 479 mandato
314 460 370 489 pro
388 449 503 480 salario
522 461 578 480 suo
604 455 636 481 et
653 451 819 491 stipendiis
837 452 1027 492 supradictis
1044 453 1074 482 in
1092 452 1173 483 bona
1192 454 1347 493 peccunia
1364 462 1531 485 numerata
1550 455 1578 484 in
1597 455 1726 486 civitate

74 500 305 531 Mediolanensi
335 502 529 542 quantitates
559 503 749 533 florenorum
776 508 807 533 et
838 505 961 542 argenti
992 504 1166 544 predictas,
1197 504 1272 535 dum
1302 505 1387 535 dicta
1412 506 1529 536 vicaria
1555 506 1725 537 duraverit.

181 561 226 600 (3)
257 562 327 596 Que
361 561 489 601 quidem
522 561 643 592 debitio
676 564 889 603 quantitatum
922 564 1137 604 predictarum
1175 564 1269 596 solvi.
1307 565 1452 606 expediri
1490 572 1521 596 et
1553 566 1724 598 deliberari

74 612 207 644 debebit
230 617 295 643 tam
320 623 378 653 per
402 614 549 646 comites.
576 615 735 648 civitates.
771 615 861 645 villas
894 619 925 645 et
956 619 1058 646 castra
1089 616 1233 656 predicta
1263 627 1358 657 quam
1387 628 1444 657 per
1468 618 1547 648 alias
1571 619 1726 651 civitates.

74 664 165 695 villas
190 669 222 695 et
250 664 375 695 nobiles
400 664 597 695 Lombardie
630 666 804 696 secundum
830 668 1029 697 taxationem
1056 668 1234 708 quemlibet
1259 670 1495 709 contingentem
1521 671 1610 701 iuxta
1635 675 1726 701 taxa-

74 717 194 748 tionem
218 716 350 747 inferius
375 716 587 757 declaratam7
618 717 768 748 videlicet
795 729 897 759 usque
928 718 969 748 ad
998 719 1157 749 decimum
1188 719 1273 750 diem
1304 721 1422 750 mensis
1446 721 1553 752 Martii
1581 724 1727 763 proxime

74 771 242 799 venturum
274 779 330 809 pro
362 772 475 809 quarta
506 772 597 809 parte
627 769 844 810 predictarum
873 771 1086 811 quantitatum
1120 772 1311 802 florenorum
1343 773 1428 805 auri.
1464 774 1665 805 marcharum
1696 781 1727 805 et

73 819 293 861 Imperialium
319 824 354 850 ut
371 830 466 861 supra
484 822 687 861 septuaginta
714 821 776 851 duo
802 822 898 852 millia
918 823 1027 852 novies
1045 826 1171 853 centum
1190 823 1360 854 duodecim
1377 824 1515 855 florenos
1539 827 1617 857 auri.
1644 826 1728 857 facta

74 872 114 903 de
137 871 290 913 predictis
315 882 373 912 per
396 872 559 912 predictos
583 873 722 903 sindicos
747 873 918 904 collatione
945 877 976 904 et
1000 875 1126 904 carculo
1158 875 1318 915 diligenti,
1352 880 1384 906 et
1412 876 1528 907 deinde
1561 888 1660 918 usque
1685 878 1726 909 ad

73 927 138 954 tres
160 934 288 954 menses
311 925 459 965 proxime
484 924 718 965 subsequentes
743 926 880 955 tlorenos
909 927 977 956 auri
1006 927 1221 959 tantumdem,
1253 931 1285 957 et
1313 927 1465 968 deinceps
1496 929 1535 959 de
1566 930 1667 960 tribus
1697 931 1725 959 in

72 975 174 1006 tribus
196 976 361 1007 mensibus
385 976 670 1017 subsequentibus,
700 977 774 1007 dum
813 977 916 1007 dictus
944 977 1137 1018 presidiatus
1166 979 1231 1009 sive
1256 979 1426 1009 vicariatus
1451 980 1626 1020 duraverit5
1656 984 1725 1012 tan-

72 1027 225 1058 tumdem.
273 1028 343 1063 Que
368 1029 393 1058 si
418 1039 478 1058 non
505 1028 750 1070 [solverenturlss
776 1029 991 1069 promiserunt
1019 1030 1240 1070 mllempnitcr
1271 1034 1302 1060 et
1326 1031 1494 1072 sollempni
1519 1033 1725 1073 stipulatione

73 1080 306 1111 interveniente
331 1080 467 1121 predicti
492 1080 602 1111 sindici
629 1085 660 1111 et
686 1081 822 1121 quilibet
845 1082 987 1122 ipsorum
1011 1086 1045 1111 ut
1069 1092 1174 1122 supra,
1199 1082 1381 1123 supradicto
1408 1083 1536 1114 domino
1562 1086 1668 1115 comiti
1694 1090 1726 1115 et

72 1131 191 1172 presidi
226 1132 397 1163 restituere
429 1136 461 1163 et
495 1132 676 1163 reffondere
715 1133 821 1163 omnia
862 1132 1015 1173 dampna.
1051 1143 1193 1174 expensa
1224 1138 1256 1164 et
1284 1136 1455 1173 interesse,
1496 1146 1557 1176 que
1586 1142 1618 1166 et
1647 1148 1725 1177 quos

72 1183 209 1222 faceret,
238 1185 415 1215 incurreret
439 1188 471 1215 et
495 1185 667 1215 sustineret
699 1184 821 1216 eundo.
852 1185 1032 1222 rodeundo‚
1062 1185 1190 1222 stando,
1214 1186 1384 1227 litigando,
1414 1188 1545 1218 nuncios
1569 1189 1724 1219 mittendo

72 1235 123 1266 vel
147 1236 210 1267 alio
236 1247 364 1277 quoquo
389 1236 495 1268 modo,
521 1236 682 1267 credendo
709 1236 815 1267 eidem
841 1237 880 1267 de
907 1236 1063 1277 dampnis,
1089 1239 1240 1278 expensis
1264 1242 1296 1269 et
1319 1239 1473 1270 interesse
1499 1240 1566 1270 eius
1591 1240 1723 1281 simplici

71 1287 170 1319 verbo
195 1289 262 1319 sine
288 1292 490 1319 sacramento
516 1294 547 1318 et
571 1289 638 1318 sine
663 1288 772 1329 aliqua
797 1289 857 1319 alia
884 1288 1084 1329 probatione.

179 1354 224 1393 (4)
249 1353 320 1384 Hoc
346 1356 418 1384 acto
444 1354 526 1383 inter
550 1353 712 1394 predictos
737 1354 963 1384 contrahentes
987 1354 1172 1394 specialiter
1196 1359 1243 1385 est
1261 1365 1459 1396 expressum,
1485 1357 1569 1397 quod
1595 1367 1725 1397 presens

72 1406 255 1446 promissio,
286 1405 465 1446 stipulatio*
502 1405 660 1436 ordinatio
691 1410 789 1446 atque
819 1409 1000 1436 contractus
1034 1407 1095 1436 vim
1125 1406 1270 1437 obtineat
1298 1407 1473 1438 deffinitive
1505 1409 1662 1439 sententie
1694 1414 1725 1439 et

72 1456 232 1497 effectum,
256 1458 301 1488 ita
326 1457 411 1498 quod
435 1461 501 1488 tam
527 1468 584 1498 per
608 1458 712 1498 ipsum
737 1457 899 1488 dominum
925 1458 1075 1489 comitem
1101 1462 1133 1489 et
1157 1459 1318 1499 presidem
1336 1470 1431 1500 quam
1457 1470 1514 1500 per
1538 1470 1723 1500 quemcum-

72 1519 134 1550 que
158 1509 256 1540 alium
281 1509 366 1539 dicta
390 1510 574 1550 promissio.
600 1513 782 1540 contractus
807 1513 839 1540 et
870 1509 1027 1540 ordinatio
1059 1511 1180 1550 possint
1205 1511 1387 1541 executioni
1416 1511 1575 1545 mandari,
1603 1512 1724 1553 absque

73 1571 111 1591 eo
141 1561 227 1602 quod
260 1561 388 1592 libellus
412 1572 469 1592 seu
494 1562 606 1602 petitio
632 1561 739 1592 oblata
765 1562 876 1594 fuerit.
902 1562 1006 1592 litisve
1031 1563 1221 1593 contestatio
1247 1562 1332 1593 facta
1356 1563 1406 1593 vel
1430 1563 1619 1594 iudiciorum
1645 1564 1723 1595 ordo

73 1617 105 1644 et
127 1613 203 1643 iuris
227 1613 449 1654 sollempnitas
474 1618 601 1644 servata
626 1618 658 1643 et
682 1618 841 1647 servatus,
874 1625 934 1644 non
960 1614 1108 1644 obstante
1134 1615 1231 1645 etiam
1265 1614 1349 1655 quod
1378 1616 1537 1645 sententia
1561 1617 1626 1646 sive
1651 1627 1722 1646 sen-

71 1665 170 1696 tentie
195 1665 260 1696 late
284 1676 348 1696 non
372 1665 489 1696 fuerint
514 1666 563 1696 vel
589 1666 782 1706 quicumque
807 1666 888 1696 alius
913 1666 990 1697 ordo
1016 1666 1198 1697 iudiciarius
1224 1666 1326 1697 factus
1355 1671 1388 1697 et
1412 1671 1572 1699 servatus.
1606 1669 1659 1708 qui
1684 1668 1723 1698 de

71 1717 155 1757 iure,
187 1720 306 1748 statuto
332 1717 382 1748 vel
413 1717 646 1748 consuetudine
678 1717 813 1748 deberet
847 1718 914 1748 fieri
940 1719 989 1748 vel
1020 1718 1204 1759 aliqualiter
1234 1720 1363 1759 agitari,
1395 1719 1510 1760 quibus
1534 1719 1723 1750 iudiciorum

71 1768 363 1810 sollempnitatibus
388 1770 504 1810 prefati
529 1774 753 1810 procuratmes
778 1778 810 1800 et
834 1769 946 1800 sindici
970 1773 1005 1800 ut
1028 1781 1121 1812 supra
1148 1771 1276 1801 nomine
1300 1782 1362 1811 quo
1393 1782 1488 1812 supra
1513 1782 1571 1812 per
1595 1776 1721 1812 pactum

72 1831 260 1862 expressum
284 1821 453 1862 sollempni
476 1822 682 1862 stipulatione
700 1821 853 1852 vallatum
872 1822 1145 1853 renunciaverunt.
1187 1822 1256 1857 Que
1282 1822 1410 1863 quidem
1436 1824 1552 1855 onmia.
1577 1824 1724 1854 universa

72 1879 104 1903 et
127 1873 252 1914 singula
277 1873 461 1914 supradicta.
484 1873 621 1914 predicti
646 1873 757 1904 sindici
783 1878 815 1904 et
839 1878 1064 1914 procuratores
1094 1879 1128 1904 ut
1160 1885 1253 1914 supra
1280 1875 1464 1905 iuraverunt
1495 1886 1590 1915 supra
1614 1882 1723 1906 sancta

70 1923 132 1955 Dei
156 1925 326 1966 euangelia
350 1928 416 1956 tam
440 1926 568 1956 nomine
594 1936 650 1956 suo
676 1936 771 1966 quain
798 1926 828 1956 in
853 1926 975 1956 animas
1000 1927 1139 1956 onmium
1167 1926 1346 1960 hominum,
1371 1927 1551 1965 civitatum7
1576 1927 1721 1957 villarum

71 1979 104 2006 et
127 1977 357 2007 comunitatum
382 1981 416 2007 ut
440 1988 535 2018 supra
560 1977 740 2011 attendere,
765 1987 892 2007 servare
918 1982 950 2008 et
974 1977 1106 2007 tirmiter
1122 1977 1301 2018 adimplere
1326 1988 1383 2008 nec
1405 1978 1525 2018 aliquid
1543 1989 1722 2019 proponere

71 2027 121 2058 vel
145 2038 327 2069 opponere‚
363 2032 495 2070 propter
524 2029 610 2070 quod
640 2029 785 2070 predicta
817 2030 924 2060 onmia
952 2030 1100 2060 universa
1131 2033 1164 2060 ct
1192 2030 1317 2070 singula
1346 2030 1475 2071 plenum
1501 2034 1532 2060 et
1557 2031 1721 2062 efficacem

70 2082 247 2113 sorciantur
270 2081 421 2112 effectum
445 2082 495 2112 vel
520 2092 578 2122 per
607 2082 693 2123 quod
722 2092 779 2112 seu
807 2093 865 2123 per
897 2093 958 2123 que
987 2083 1162 2113 solutiones
1193 2082 1340 2112 faciende
1365 2083 1508 2113 terminis
1532 2083 1722 2123 supradictis

69 2133 285 2174 impediantur
308 2133 360 2164 vel
382 2134 413 2164 in
438 2133 544 2174 aliquo
569 2134 781 2165 retardentur.
822 2133 863 2164 Et
888 2145 943 2175 pro
968 2134 1120 2174 predictis
1145 2134 1291 2165 omnibus
1317 2138 1347 2165 et
1371 2135 1502 2174 singulis
1519 2135 1722 2165 attendendis

70 2188 103 2215 et
125 2185 258 2216 firmiter
282 2184 498 2226 adimplendis
527 2189 559 2216 et
589 2185 797 2216 observandis
834 2189 869 2217 ut
903 2197 999 2227 supra
1028 2186 1163 2227 predicti
1200 2186 1311 2216 sindici
1345 2190 1376 2216 et
1409 2191 1632 2227 procuratores
1665 2198 1720 2216 sno

69 2237 196 2268 nomine
221 2241 253 2267 et
277 2248 339 2278 quo
364 2248 460 2277 supra
484 2237 707 2277 obligaverunt
725 2248 878 2278 expresse
905 2237 1010 2268 eidem
1036 2237 1164 2268 domino
1190 2238 1298 2268 comiti
1323 2245 1354 2268 et
1373 2238 1490 2278 presidi
1509 2239 1614 2268 omnia.
1640 2239 1720 2268 bona

71 2288 227 2319 dictarum
250 2289 493 2319 universitatum
519 2294 551 2319 et
567 2290 797 2320 comunitatum
823 2293 855 2320 et
880 2289 985 2320 eidem
1008 2290 1132 2330 pignori
1157 2300 1309 2330 expresse
1327 2290 1560 2330 obligaverunt.
1600 2289 1721 2319 Dantes

71 2339 177 2371 eidem
201 2340 330 2371 domino
355 2341 463 2371 comiti
488 2345 519 2371 et
543 2340 663 2381 presidi
693 2341 767 2372 dicti
793 2341 906 2372 sindici
935 2345 968 2371 et
996 2345 1219 2382 p1·‹1›curato1·es
1244 2342 1467 2371 auctoritatem
1499 2345 1531 2371 et
1559 2342 1720 2372 licentiam

71 2391 111 2422 de
134 2392 226 2423 bonis
249 2392 466 2433 predictarum
491 2393 720 2423 comunitatum
745 2394 775 2423 in
800 2404 920 2433 genere
945 2393 994 2423 vel
1020 2393 1128 2433 specie
1153 2403 1209 2423 sua
1233 2393 1423 2423 auctoritate
1449 2393 1612 2433 capiendi,
1642 2394 1665 2422 si
1692 2394 1718 2422 in

71 2443 229 2475 solutione
253 2444 303 2475 vel
327 2445 546 2475 satisfactione
572 2444 761 2476 deffecerint
786 2446 836 2475 vel
862 2445 1049 2475 deftieerent
1074 2444 1303 2485 predictorum.

179 2510 224 2549 (5)
250 2510 454 2544 Quantitates
478 2520 554 2540 vero
579 2514 689 2540 taxate
715 2520 772 2550 per
796 2509 959 2550 predictos
983 2509 1120 2540 sindicos
1145 2513 1177 2539 et
1202 2512 1440 2549 procuratores,
1466 2508 1550 2538 facta
1575 2509 1717 2549 diligenti

70 2561 237 2591 taxatione
262 2564 295 2591 et
318 2561 444 2591 eareulo
470 2571 527 2601 per
544 2561 675 2591 eosdem
699 2562 790 2592 iuxta
811 2572 905 2603 posse
924 2561 1093 2592 cuiuslibet
1110 2561 1254 2595 civitatis,
1280 2560 1482 2590 comunitatis
1507 2564 1539 2590 et
1555 2560 1718 2592 nobilium.

71 2615 142 2643 sunt
166 2613 226 2643 hee
252 2622 313 2653 que
339 2617 489 2644 secuntur
512 2624 569 2653 pro
587 2613 733 2654 quolibet
756 2615 891 2644 termino
910 2613 1065 2643 dictorum
1090 2613 1183 2642 trium
1209 2613 1374 2642 mensium.
1401 2611 1563 2642 videlieet:

223 2664 410 2695 Comunitas
434 2664 608 2695 Mediolani
633 2668 757 2706 septem
782 2666 870 2696 milia
895 2668 1008 2706 quater
1032 2668 1158 2694 centum
1183 2663 1395 2704 quadraginta
1419 2664 1556 2693 florenos
1580 2665 1656 2694 auri.

221 2716 342 2747 Civitas
367 2716 511 2747 Cumana
535 2716 598 2747 duo
621 2717 710 2747 milia
734 2718 935 2758 septuaginta
962 2717 1099 2746 florenos
1123 2716 1200 2745 auri.

173 2785 238 2814 553·
257 2786 276 2819 f)
296 2787 363 2812 elcese
382 2796 418 2811 or.

1743 728 1804 749 Mart.
1822 732 1852 750 10.
