2044 3137
477 147 640 174 HEINRICI
662 149 721 176 Vll.
741 150 1064 179 CONSTITUTIONES.
1104 155 1176 182 1310.
1214 155 1259 181 ΧΓ.
1273 157 1330 182 472.
1662 162 1722 190 4213

235 235 283 269 (X)
315 233 393 263 Item
424 242 527 264 cassat
552 239 583 265 et
607 236 709 266 irritat
733 248 843 268 omnes
867 239 1161 277 confederationes,
1190 243 1422 274 coniurationes
1453 248 1484 275 et
1515 245 1594 285 ligas
1622 246 1722 276 factas

126 283 167 314 ab
192 287 264 314 octo
289 285 378 314 annis
402 285 494 323 citra,
524 287 567 316 ita
596 287 681 327 quod
705 289 750 318 eis
774 290 823 319 vel
849 290 955 331 aliqua
980 301 1089 322 earum
1113 292 1227 333 aliquis
1252 293 1291 324 de
1316 299 1423 325 cetero
1449 307 1509 326 non
1533 300 1641 327 utatur
1664 308 1721 328 nec

126 338 307 376 attemptet,
332 336 389 366 sub
414 347 496 377 pena
521 338 652 369 arbitrio
677 339 796 370 domini
820 342 1003 373 auferenda.

234 388 296 426 (XI)
320 387 403 418 Item
427 388 691 429 gubernationem
720 391 785 421 sive
810 394 978 424 rectoriam
1007 398 1038 424 et
1062 395 1276 427 ordinationes
1301 398 1420 428 consilii
1446 399 1552 439 populi
1578 410 1721 431 reserva-

51 457 62 476 5
124 439 168 470 vit
191 438 261 469 Sibi.

232 493 308 529 (XII)
334 491 418 522 Item
441 494 561 533 statuit,
586 493 671 534 quod
695 494 798 525 nullus
823 495 942 527 debeat
958 498 1101 538 partibus
1124 499 1282 531 adherere
1308 501 1356 532 vel
1374 502 1568 542 partialitate
1593 504 1647 537 uti,
1672 507 1719 534 set

125 553 234 574 omnes
257 543 356 573 verbo
382 547 414 574 et
446 554 543 585 opere
568 545 717 576 studeant
748 552 955 579 manutenere
986 553 1017 580 et
1048 550 1216 582 defensare
1247 552 1399 584 honorem
1433 557 1465 584 et
1495 555 1665 585 utilitatem
1690 560 1719 586 et

123 595 291 636 pacificum
323 598 442 626 statum
479 600 511 626 et
543 598 772 629 comunitatem
810 603 842 630 et
879 601 1086 641 equalitatem
1118 607 1150 633 et
1181 604 1297 634 bonum
1326 608 1442 635 statum
1473 606 1570 646 ipsius
1602 606 1719 637 domini

125 647 225 687 regis,
250 647 392 678 comunis
420 648 566 679 Astensis
597 652 628 680 et
656 650 765 691 populi
796 655 827 681 et
857 651 1018 683 districtus
1041 654 1214 685 secundum
1246 667 1338 696 posse
1362 657 1402 687 ad
1428 657 1580 688 honorem
1604 658 1663 689 Dei
1690 663 1720 689 et

39 713 64 732 ιο
125 698 246 729 domini
269 699 354 739 regis
379 702 411 729 et
434 700 606 731 utilitatem
632 703 774 732 comunis
799 706 831 733 et
854 703 963 744 populi
987 705 1140 736 Astensis.

232 753 323 789 (XIII)
347 750 430 782 Item
455 751 541 792 quod
565 752 699 793 quilibet
723 754 805 784 iuret
830 754 906 785 dare
932 755 1059 787 fortiam
1083 761 1115 787 et
1140 758 1303 795 virtutem,
1335 759 1419 800 quod
1447 760 1489 790 sic
1514 761 1568 790 fiat
1592 764 1624 791 et
1648 772 1719 801 per-

123 806 221 844 petuo
252 802 440 834 observetur
468 808 500 834 et
530 808 639 835 contra
663 805 809 846 predicta
835 806 883 837 vel
907 807 1026 848 aliquid
1050 808 1265 848 predictorum
1295 821 1355 840 non
1380 811 1497 841 facient
1521 812 1569 841 vel
1594 814 1720 844 venient

123 854 231 895 aliquo
255 854 362 894 modo,
386 858 418 885 et
442 855 623 886 volentibus
647 857 696 887 vel
722 858 988 898 attemptantibus
1018 859 1124 890 facere
1148 862 1340 892 eontrarium
1364 863 1511 893 resistere
1536 874 1591 892 sno
1616 874 1718 904 posse.

121 906 163 937 Et
192 906 305 937 sindici
335 907 503 937 cuiuslibet
529 908 602 939 ville
633 909 770 939 civitatis
794 910 937 940 Astensis
970 912 1073 941 iurent
1096 912 1240 952 predicta
1275 924 1333 953 per
1359 913 1512 944 sindICum
1537 915 1721 955 sollcpniter

38 972 61 991 15
124 959 361 989 constitutum&

185 1046 231 1086 (6)
256 1045 378 1081 Quibus
395 1045 541 1076 omnibus
559 1046 726 1086 eompletis
745 1046 890 1078 dominus
907 1049 1063 1079 Antonius
1081 1049 1242 1090 predictus
1260 1051 1289 1080 in
1308 1050 1452 1091 predicta
1469 1052 1618 1081 concione
1639 1052 1719 1082 dixit

78 1100 112 1129 et
135 1098 311 1139 expressit,
345 1097 483 1138 qualiter
515 1098 557 1128 sic
591 1097 761 1129 ordinabat
789 1103 821 1129 et
844 1100 1008 1131 statuebat
1032 1101 1177 1131 dominus
1208 1113 1278 1138 rex,
1315 1106 1409 1143 prout
1441 1103 1471 1132 in
1496 1104 1570 1144 ipsis
1594 1103 1718 1134 ordina-

78 1150 193 1181 mentis
216 1149 335 1181 lectum
366 1154 398 1180 et
428 1153 612 1180 contentum
644 1154 729 1189 erat,
765 1152 935 1182 reservatis
964 1152 1069 1183 eidem
1094 1152 1222 1183 domino
1253 1154 1321 1194 regi
1346 1157 1378 1184 et
1400 1154 1496 1184 firmis
1520 1155 1720 1185 manentibus

78 1201 225 1232 omnibus
241 1201 393 1242 predictis
408 1201 511 1242 balyis
535 1202 565 1232 in
583 1202 730 1233 omnibus
748 1213 857 1234 eorum
876 1203 1018 1244 partibus
1043 1208 1075 1235 et
1092 1205 1177 1235 omni
1204 1206 1281 1245 iure,
1307 1207 1349 1236 ita.
1366 1205 1451 1246 quod
1468 1216 1594 1246 semper
1612 1208 1719 1247 possit,

35 1262 61 1282 20
79 1254 242 1295 quotiens,
267 1254 409 1295 quando,
434 1253 595 1295 quomodo
627 1258 660 1284 et
686 1254 741 1285 ubi
766 1255 918 1294 voluerit,
954 1256 1069 1286 iterum
1104 1257 1134 1287 in
1165 1257 1311 1288 omnibus
1339 1261 1371 1288 et
1401 1257 1532 1298 singulis
1562 1258 1718 1292 ordinare,

75 1309 235 1346 statuere,
266 1305 438 1346 disponere
464 1309 496 1336 et
521 1305 644 1345 facere,
675 1306 813 1338 addere.
843 1306 1038 1347 diminuere,
1066 1312 1190 1339 mutare.
1214 1319 1255 1339 ex
1278 1312 1363 1348 toto,
1393 1319 1531 1347 cassare,
1556 1309 1719 1340 declarare

77 1362 110 1390 et
132 1358 352 1399 interpretari,
385 1359 415 1388 in
446 1357 592 1388 omnibus
617 1361 648 1389 et
671 1358 802 1400 singulis
826 1363 891 1390 tam
915 1359 1008 1390 factis
1032 1370 1127 1400 quam
1152 1360 1320 1397 faciendis,
1346 1364 1440 1401 prout
1463 1360 1549 1391 idem
1574 1361 1719 1392 dominus=

76 1421 134 1442 rex
156 1409 294 1441 voluerit
315 1409 367 1440 vel
391 1409 451 1440 sibi
474 1410 576 1440 visum
601 1410 696 1441 fuerit
717 1411 871 1451 expedire
896 1422 952 1452 pro
978 1411 1060 1442 bono
1085 1415 1169 1442 statu
1192 1413 1327 1443 civitatis
1344 1413 1489 1443 Astensis
1513 1416 1544 1443 et
1561 1412 1718 1443 districtus

77 1461 221 1494 eiusdem
250 1464 282 1492 et
309 1471 366 1502 pro
397 1462 444 1492 sui
467 1461 588 1493 honore
614 1465 646 1492 et
669 1462 906 1503 magnificentia
929 1474 1212 1505 successorumque
1237 1475 1364 1495 suorum
1388 1475 1425 1495 ac
1446 1464 1581 1495 Romani
1606 1465 1719 1505 imperi

33 1523 57 1543 25
76 1514 144 1545 iure
169 1516 202 1545 et
224 1513 344 1545 honore
369 1513 543 1544 servandis,
589 1513 667 1544 Post
691 1525 752 1555 que
777 1514 862 1545 dicta
886 1514 1031 1546 (lominus
1054 1516 1213 1546 Antonius
1240 1517 1354 1547 iterum
1379 1517 1599 1556 interrogavit,
1630 1517 1655 1546 si
1680 1527 1715 1546 ca

76 1576 138 1607 que
163 1564 290 1596 dixerat
314 1565 353 1596 de
377 1565 640 1603 ordinationibus,
665 1577 727 1607 que
752 1566 827 1597 fecit
851 1566 997 1597 dominus
1022 1577 1093 1607 rex,
1120 1568 1186 1609 legi
1212 1567 1363 1598 volebant
1387 1571 1418 1598 et
1440 1568 1662 1608 approbabant
1686 1572 1718 1598 et

74 1621 238 1649 reservata
263 1621 349 1648 esset
373 1617 479 1648 eidem
504 1617 649 1658 predicta
673 1617 784 1659 balya,
816 1622 851 1649 ut
881 1630 977 1659 supra
1010 1619 1128 1650 dictum
1160 1622 1217 1649 est.
1264 1619 1304 1649 Et
1334 1619 1565 1660 responderunt
1589 1630 1715 1650 onmes:

74 1669 143 1709 ίεἰς,
177 1668 239 1700 sic’
267 1670 348 1708 ‘fiat‚
373 1669 444 1700 fiat'
476 1669 567 1700 ‘bene
603 1670 747 1701 volumus
783 1674 814 1701 et
843 1671 1059 1712 approbamus
1094 1676 1190 1712 atque
1226 1671 1410 1711 statuimus,
1447 1675 1539 1711 prout
1573 1671 1717 1711 superius

74 1721 193 1752 dictum
218 1720 289 1752 est'.

32 1815 57 1835 ³0
181 1808 227 1847 (7)
251 1807 333 1838 Item
358 1807 457 1849 elegit
474 1807 576 1839 dictus
593 1808 740 1839 dominus
755 1819 811 1839 rex
829 1809 1046 1850 infrascriptos
1063 1809 1111 1839 ine
1128 1809 1323 1839 consiliarios
1341 1812 1373 1839 et
1390 1808 1614 1839 credendarios
1638 1809 1713 1839 civi-

74 1859 148 1890 tatis
164 1859 310 1890 Astensis
326 1870 426 1900 usque
443 1859 485 1890 ad
502 1860 618 1891 festum
632 1860 878 1891 circumcisionis
892 1860 1019 1891 Domini
1037 1861 1182 1901 proximo
1198 1864 1363 1891 venturum
1381 1864 1413 1891 ct
1429 1859 1543 1891 deinde
1558 1870 1656 1900 usquc
1674 1860 1715 1890 ad

73 1920 170 1941 unum
186 1920 303 1942 annum
320 1912 467 1952 proximo
485 1906 693 1952 sequendum.
730 1911 872 1947 Quorum
894 1913 1022 1942 nomina
1042 1912 1172 1943 inferius
1188 1915 1358 1952 ponentur:
1427 1912 1534 1942 Primo
1552 1911 1713 1942 dominum

73 1961 253 1993 Berardum
270 1962 310 1993 de
327 1962 461 2001 Solario,
478 1963 637 1994 Bonetam
654 1963 692 1994 (le
711 1963 845 2002 Solario⁷
863 1964 1037 1994 Antonium
1055 1963 1163 2003 Catzo,
1180 1963 1366 1994 Reinerium
1384 1964 1491 1999 Catzo,
1509 1963 1713 1994 Katellanum

73 2014 187 2054 Katzo,
212 2013 370 2045 Thomam
386 2015 583 2056 Minganum,
601 2015 783 2046 Rolandum
800 2015 995 2056 Minganum.
1014 2015 1207 2046 Amahinum
1225 2015 1264 2045 (le
1283 2014 1416 2053 Solario,
1433 2015 1653 2046 Bahluwinum
1672 2014 1711 2044 <lc

29 2075 53 2094 35
73 2064 207 2105 Solario,
223 2066 434 2097 Bonefaoium
458 2067 497 2097 de
516 2066 649 2101 solario,
667 2067 842 2098 Hem-icum
860 2067 899 2097 dc
918 2066 1051 2107 Solario,
1076 2067 1313 2097 Pei-thenadum
1333 2067 1373 2097 de
1391 2066 1513 2097 Solario
1532 2067 1584 2108 qni
1601 2066 1713 2096 (licitur

73 2116 191 2158 Gespa,
208 2117 473 2149 Bertholomeum
491 2118 530 2148 de
548 2117 682 2158 Solario,
707 2118 917 2150 Simbaudum
935 2119 974 2149 de
992 2118 1126 2155 Solario,
1145 2119 1286 2149 Muscam
1305 2118 1411 2154 (iatzo,
1432 2118 1580 2149 iacobum
1599 2118 1637 2148 de
1655 2118 1711 2147 So-

71 2169 151 2200 lario
176 2170 229 2210 qui
253 2169 368 2200 dicitur
391 2170 592 2205 Minocerius,
618 2170 801 2201 Com-adum
825 2170 995 2205 Malabala,
1022 2170 1178 2201 'Phaniam
1199 2170 1415 2203 Pulsavinum,
1440 2169 1595 2200 'l'homam
1612 2169 1711 2200 Abs-l-

71 2220 199 2261 lonium,
223 2221 388 2253 Andrean]
412 2222 593 2263 Lagolium,
617 2222 795 2253 Berardum
813 2222 981 2260 Bovinnm,
1006 2222 1182 2263 Nycolaum
1207 2221 1386 2261 Lagolimn.
1410 2221 1582 2251 Dumotnm
1609 2221 1710 2252 Bulla.

70 2283 167 2304 unum
190 2273 290 2304 filium
314 2273 535 2305 Bertholomei
564 2274 603 2305 de
634 2274 765 2313 Chario,
800 2274 1061 2304 Bertholomeum
1090 2274 1322 2304 Kakaraninm.
1356 2273 1510 2302 Bovinum
1544 2272 1582 2301 ‹lc
1608 2271 1709 2302 Roka.

28 2335 54 2354 ⁴0
71 2324 221 2356 Alianum
238 2325 457 2361 Kakaranum,
482 2325 685 2357 Dominicum
704 2326 743 2356 de
757 2326 916 2357 Bekariis.
941 2326 1115 2365 Georgium
1133 2325 1333 2355 Monachum.
1358 2324 1557 2354 Dominicmn
1578 2323 1708 2361 Regem.

71 2374 285 2407 Secundinum
311 2376 492 2417 Garrctum,
517 2377 709 2408 Bonetinum
732 2378 913 2415 Garretum,
938 2377 1172 2408 Rcmondinum
1191 2376 1370 2410 Garretum,
1397 2375 1574 2405 Uolandum
1593 2374 1707 2404 Gari-e-

70 2430 152 2466 tum,
187 2427 391 2459 Dominioum
422 2429 585 2467 Poletam,
620 2429 857 2460 Remondinum
882 2429 1057 2467 l’olletam,
1094 2428 1268 2458 Hearicum
1294 2427 1467 2458 l‘olletam,
1504 2425 1707 2455 1⁴¹1·cdc1·icum

69 2478 247 2518 Polletam,
273 2479 424 2511 Pansiam
448 2480 623 2521 Polletam,
657 2480 829 2522 Symonom
853 2481 1052 2513 Roctarium,
1079 2480 1287 2509 Iohanninum
1315 2478 1511 2510 ltoctarium,
1536 2478 1707 2507 Antonium

69 2529 254 2562 Roctarium
280 2533 332 2572 qui
358 2531 473 2563 dicitur
497 2531 606 2568 Scina,
638 2533 837 2573 Nycholaum
862 2532 1062 2565 Roctarium,
1092 2531 1294 2561 Franciscum
1326 2529 1364 2559 ‹lc
1392 2529 1587 2567 Antingano.
1621 2528 1706 2558 Gan-

26 2591 50 2611 ⁴⁵
70 2581 224 2623 dulphum
249 2583 288 2614 dc
313 2584 507 2625 Antingano,
533 2584 693 2615 Robinnm
719 2584 758 2615 (lc
784 2583 964 2616 Surberico.
990 2582 1170 2613 Mamwlcm
1189 2582 1320 2611 Thoma.
1349 2580 1514 2610 Martinam
1539 2579 1705 2611 Alfcrium.

170 2668 236 2694 47⁸2.
256 2670 278 2701 θ)
298 2671 449 2695 consiliariis
469 2676 492 2695 et
512 2671 574 2695 add.
594 2671 631 2696 ecl.

176 2738 200 2769 1>
231 2737 272 2768 Cf.
291 2745 310 2763 e.
329 2745 368 2769 φ’.
387 2738 565 2763 inmonentmn
585 2738 716 2770 quai-terii
742 2738 853 2764 Mercari
878 2737 997 2763 Astensis
1018 2736 1075 2761 Dec.
1094 2740 1109 2760 4
1135 2734 1286 2766 pranstiwnz
1317 2733 1392 2766 alma!
1422 2733 1543 2758 Ii'mmini
1561 2733 1576 2758 l.
1597 2742 1617 2758 (·,
1633 2733 1655 2758 Ι.
1676 2737 1706 2757 tm·

67 2787 110 2805 mn
126 2783 164 2812 70,
183 2780 293 2813 itemque
311 2781 367 2806 alia
387 2781 535 2806 iuramenta
555 2781 571 2806 l.
591 2790 610 2806 c.
632 2781 653 2812 Ι,
676 2785 781 2813 147sr1q.
802 2789 841 2806 nr.
859 2785 909 2806 101.
931 2784 983 2805 102.

1764 1848 1819 1866 1311-

1753 1873 1796 1893 lan.
1814 1876 1832 1893 Ι.
