2071 3132
19 739 44 758 10

22 999 44 1017 15

21 1514 44 1533 25

22 2037 46 2057 3⁵

24 2555 48 2575 45

252 156 514 183 PROMISSIONES
534 157 700 183 HEINRICI
721 157 867 184 COMITIS
887 155 1217 182 1,L†‹.·ELBL⁷RGENSIS.
1256 155 1304 181 Nr.
1318 155 1376 181 255.
1396 155 1454 180 2:3⁰3.
1474 155 1532 180 257.
1662 157 1722 186 219

171 244 220 282 Cf.
240 244 304 275 iam
319 254 419 283 supra
443 246 513 275 tom.
532 244 592 274 III
614 254 663 274 ην.
681 245 744 274 474
768 246 795 274 vt
819 243 873 274 IV
894 254 941 274 nr.
959 244 1096 280 24—20',
1123 243 1254 281 itemque
1270 253 1306 273 etc
1322 252 1402 281 qaae
1418 241 1569 271 ‹lisso-uit
1586 240 1724 272 Sclerohe

64 296 142 328 ‘Der
156 296 286 334 Kampf
298 296 352 326 der
369 295 583 335 Geyenlsoniye
597 294 731 334 Ludwig(
749 295 814 325 conl
829 295 1007 325 Friedrich?
1024 295 1079 334 (=
1098 293 1295 325 Histarisclze
1314 293 1447 324 Studien
1461 292 1591 323 XXIX.
1611 293 1725 323 Berlin,

63 349 161 386 1902)
182 357 253 387 pay.
271 348 335 377 2415
351 357 395 386 sq.
420 364 458 368 —
485 345 632 383 Bo'lemer,
658 345 733 385 Κεφ
752 347 978 376 12411-1313
1001 345 1233 377 Reicltssacleen
1256 347 1318 375 444
1341 344 1468 384 (Addit.
1485 344 1548 379 II).

1429 395 1482 435 (P.
1508 396 1616 435 deest.)

172 471 196 498 1.
222 466 387 498 Universis
414 470 583 508 presentes
612 466 736 497 litteras
761 466 872 496 visuris
905 473 936 496 ct
960 465 1116 496 audituris
1145 476 1203 496 nos
1228 466 1387 496 Henricus
1417 475 1525 496 comes
1548 465 1722 496 Lutcelen-

61 520 228 561 burgensis
244 518 387 550 marchio
406 519 596 549 Arlunensis
620 524 730 548 notum
748 518 882 548 facimus
900 517 1027 558 publice
1047 518 1244 558 profitentes,
1270 517 1355 558 quod
1374 521 1507 548 vacante
1532 517 1592 547 hiis
1610 517 1723 547 diebus

60 581 159 612 regno
195 581 251 601 seu
286 570 421 611 imperio
456 570 677 601 Romanorum
717 580 758 600 ex
792 577 895 600 morte
932 569 1014 599 bone
1051 570 1206 599 memorie
1243 569 1362 599 domini
1398 569 1524 599 Albcrti
1561 569 1722 609 quondam

60 623 279 654 Romanorum
307 623 393 663 regis
424 626 457 653 et
484 623 671 653 imminente
697 622 855 653 electione
887 621 927 652 de
956 622 1063 652 futuro
1088 621 1308 652 Romanorum
1338 631 1415 661 rege
1441 620 1650 655 celebranda,
1682 619 1722 651 (le

61 673 249 705 reverendia
272 675 303 704 in
329 673 455 705 Christo
481 674 580 714 patris
605 677 637 704 et
661 673 781 704 domini
806 673 905 704 nostri
930 673 1049 703 domini
1074 672 1206 703 Hem-ici
1231 676 1340 702 sancte
1359 671 1560 703 Coloniensis
1585 672 1722 702 ecclesie

61 725 294 766 archiepiscopi
318 726 399 756 sacri
423 726 549 766 imperii
576 736 633 766 per
650 725 792 755 Ytaliam
817 724 1091 755 archicancellarii
1116 724 1280 754 favoribus
1305 726 1337 753 et
1361 724 1622 764 promocionibus
1646 734 1721 754 con-

61 777 209 817 fidentes,
242 787 314 808 cum
344 778 375 807 in
401 777 559 807 electione
585 776 730 817 predicta
755 776 883 807 labores
912 780 944 807 et
969 786 1127 816 expensas
1152 775 1346 816 multiplices
1370 775 1555 805 incumbant
1579 775 1652 809 sibi,
1684 786 1721 806 ac

62 829 163 860 eciam
193 839 251 869 per
278 829 377 869 ipsius
403 828 603 859 Coloniensis
632 828 768 859 ecclesie
798 828 1059 868 archiepiscopos
1096 837 1272 867 mirumque
1307 827 1421 857 fideles
1453 838 1542 857 sacro
1574 827 1721 858 Romano

60 881 194 921 imperio
226 879 381 922 obsequia
405 880 543 921 plurima
572 880 633 910 sint
660 880 794 921 inpensa
818 890 855 910 ac
881 879 996 910 eadem
1022 878 1160 909 ecclesia
1184 882 1330 919 tempore
1356 879 1431 909 dicti
1457 878 1577 909 domini
1596 879 1721 909 Alberti

61 931 279 963 Romanorum
314 932 399 972 regis
435 942 493 973 per
523 931 668 962 eiusdem
698 932 896 962 invasionem
929 935 1037 962 contra
1070 931 1172 971 ipsam
1205 931 1376 961 ecclesiam
1409 930 1526 961 factam
1565 939 1629 960 tam
1664 941 1723 970 per

62 984 278 1014 municionum
303 984 439 1014 ecclesie
465 983 665 1014 Coloniensis
691 983 943 1014 destructionem
969 993 1064 1024 quam
1088 982 1235 1013 incendia
1262 986 1293 1012 ct
1317 983 1445 1023 rapinas
1471 982 1585 1012 damna
1612 983 1722 1022 gravia

62 1039 94 1066 et
109 1036 234 1066 notoria
258 1036 298 1066 sit
314 1045 479 1077 perpessa,
504 1036 741 1066 restauracione
766 1035 880 1066 horum
905 1045 963 1065 nec
982 1045 1207 1075 cxpensaruin,
1233 1044 1295 1074 que
1320 1033 1403 1064 bone
1428 1034 1583 1064 memorie
1602 1033 1722 1064 domini

62 1087 222 1128 quondam
251 1086 387 1118 Sifridus
419 1090 451 1117 et
467 1086 659 1118 wicboldus
689 1087 923 1128 archicpiscopi
954 1086 1163 1117 Colonienscs
1197 1096 1233 1116 ac
1266 1085 1351 1116 idem
1383 1086 1530 1116 dominus
1563 1085 1723 1115 Henricus

60 1149 142 1169 nunc
165 1139 426 1180 archiepiscopus
452 1138 651 1169 Coloniensis
680 1139 709 1169 in
734 1139 861 1179 imperii
886 1139 1020 1169 servicio
1050 1138 1091 1168 ad
1119 1137 1215 1168 multa
1249 1138 1336 1168 milia
1360 1148 1541 1168 marcarum
1566 1137 1722 1175 fecerunt,

61 1191 121 1231 ipsi
145 1190 273 1221 domino
298 1190 439 1221 Henrico
465 1190 707 1231 archiepiscopo
733 1194 765 1221 et
789 1190 925 1221 ecclesie
951 1200 1006 1220 sue
1032 1200 1049 1220 a
1074 1189 1228 1220 Romanis
1254 1189 1384 1230 regibus
1409 1188 1568 1219 defunctis
1592 1190 1723 1220 minime

62 1241 160 1282 facta,
194 1253 265 1273 cum
295 1241 426 1283 dignum
457 1242 498 1272 sit
525 1243 627 1282 ipsam
658 1241 828 1273 ecclesiam
861 1241 1087 1272 Colonienscm
1119 1241 1158 1271 de
1187 1241 1247 1271 hiis
1277 1241 1506 1281 in‹lcmpncm¹*
1530 1242 1723 1281 conservari,

62 1294 263 1334 promisimus
288 1297 320 1324 et
336 1294 551 1334 promittimus
576 1293 682 1324 eidem
708 1293 837 1324 domino
854 1293 996 1324 Henrieo
1021 1293 1265 1333 archiepiscopo
1285 1292 1479 1323 Coloniensi.
1505 1292 1590 1333 quod
1615 1293 1640 1322 si
1665 1304 1722 1323 nos

63 1345 263 1376 concorditer
290 1346 356 1376 sive
382 1345 573 1376 discorditer
605 1346 636 1376 in
660 1346 720 1376 hac
744 1346 918 1376 vas-acione
945 1345 1033 1385 regni
1063 1346 1093 1375 in
1117 1344 1338 1374 Romanorum
1364 1355 1475 1385 regem
1501 1344 1657 1378 futurum,
1690 1348 1724 1374 ut

63 1408 103 1428 ex
126 1398 224 1438 ipsius
241 1397 476 1438 archiepiscopi
493 1398 695 1438 ali‹‘›1·umque
721 1408 850 1428 suorum
867 1397 1108 1438 conprincipum
1133 1397 1163 1426 in
1188 1396 1247 1426 hac
1272 1400 1364 1437 parte
1382 1397 1589 1437 promocione
1612 1406 1723 1436 spera-

62 1460 140 1488 mus,
165 1450 328 1490 contingat
353 1449 438 1490 eligi,
464 1450 570 1480 divina
595 1450 704 1490 gracia
728 1449 929 1490 disponente,
956 1452 988 1479 ct
1011 1454 1085 1478 nosC
1111 1449 1300 1482 consec-rari,
1327 1449 1472 1478 coronari
1502 1452 1533 1478 ct
1558 1448 1666 1489 prefici
1694 1449 1723 1478 in

63 1500 280 1532 Romanorum
306 1511 416 1542 regem
441 1502 619 1542 contingat:

168 1563 195 1591 2.
226 1561 375 1602 Inprimis
409 1561 658 1602 assignabimus,
693 1561 958 1592 deliberabimus.
992 1562 1156 1601 assignare
1194 1564 1226 1590 ct
1261 1559 1443 1590 ‹hfliberare
1479 1560 1655 1590 efficiemus
1693 1563 1726 1590 et

61 1612 303 1654 procurabimus
338 1613 460 1654 absque
496 1614 712 1654 protractione
749 1614 809 1654 ipsi
845 1613 1088 1653 archiepiscopo
1126 1616 1157 1642 et
1193 1612 1329 1642 ecclesie
1365 1611 1548 1642 Coloniensi
1585 1619 1723 1642 castrum

62 1664 183 1696 NVerde
206 1665 297 1696 iuxta
313 1665 463 1696 Nussiam
488 1676 524 1696 ac
550 1665 646 1706 opida
664 1665 933 1704 Ti·eni‹‘›nicn(sc).
959 1664 1112 1705 Dusburg
1137 1668 1168 1694 et
1185 1663 1322 1704 Sincegc
1348 1673 1471 1693 necnon
1496 1666 1601 1693 curtes
1614 1663 1722 1694 XVcst-

63 1716 166 1748 hoven
195 1720 228 1747 et
250 1716 456 1747 Elmenhorst
485 1728 555 1748 cum
581 1718 771 1748 scultetatus
800 1717 904 1747 officio
935 1722 966 1747 et
990 1716 1099 1747 Iudeis
1123 1715 1421 1747 'l‘rcinonicnsibus.
1451 1715 1725 1746 iurisdictionibus

65 1772 96 1799 et
111 1768 289 1800 redditibus
313 1769 448 1810 imperio
466 1770 639 1799 attinentes
665 1779 721 1799 scu
743 1769 928 1805 attinencia,
953 1768 1138 1809 specialiter
1163 1772 1194 1798 et
1219 1774 1340 1797 curtem
1359 1766 1500 1797 Brakcle
1526 1777 1566 1797 cx
1591 1768 1724 1808 antiqua

63 1820 238 1851 donacione
263 1821 492 1862 imperatorum
518 1820 739 1851 Romanorum
771 1821 907 1851 ecclesie
934 1819 1117 1851 Coloniensi
1143 1820 1333 1850 attinentem
1365 1829 1489 1849 necnon
1514 1818 1722 1849 advocaciam

62 1871 290 1903 Assindensem
313 1872 523 1903 restituendo.
549 1873 653 1913 ipsum
678 1872 958 1913 archiepiscopum
984 1876 1016 1902 et
1041 1871 1210 1902 ecclesiam
1227 1870 1453 1901 Colonienscm
1478 1870 1519 1900 ad
1544 1871 1721 1911 possessio-

63 1933 136 1954 nem
160 1923 304 1954 eiusdem
328 1924 517 1963 advocacie,
546 1924 577 1954 in
606 1934 669 1965 qua
693 1924 941 1964 predecessores
972 1923 1047 1954 dicti
1073 1923 1192 1953 domini
1219 1922 1419 1953 Coloniensis
1444 1922 1612 1952 retroactis
1643 1930 1723 1952 tcm-

63 1975 192 2015 poribus
217 1976 422 2008 exstiterunt.
452 1981 594 2006 ammoto
624 1975 664 2006 ab
690 1975 811 2006 eisdem
841 1979 960 2006 castro.
995 1975 1112 2016 opidis.
1145 1974 1302 2013 curtibus,
1335 1973 1541 2011 advocat-iad,
1571 1975 1637 2004 sive
1667 1984 1725 2014 per

63 2026 322 2068 redempcione-m
339 2027 445 2058 dando
463 2029 643 2068 pecuniam,
668 2038 725 2068 pro
751 2038 814 2068 qua
831 2028 988 2068 premissa
1006 2027 1150 2068 obligata
1175 2031 1256 2060 sunt.
1282 2027 1348 2057 sive
1374 2026 1436 2056 alio
1462 2026 1557 2056 modo
1577 2025 1724 2066 quolibet

64 2078 245 2114 detentore,
277 2080 375 2110 immo
405 2082 437 2110 et
466 2090 667 2120 quacumque
693 2080 743 2110 via
775 2080 966 2120 poterimus,
1001 2089 1072 2109 cum
1107 2078 1223 2109 cadem
1248 2077 1422 2108 advocacia
1447 2077 1652 2107 Assindcnsis
1683 2077 1724 2107 ab

63 2130 195 2171 imperio
221 2130 419 2172 dependeat,
450 2132 553 2172 ipsum
578 2131 872 2172 archiepiscopium
902 2142 976 2161 suos
1001 2141 1203 2161 successores
1235 2134 1267 2160 ct
1298 2129 1468 2160 ecclesiam
1495 2129 1723 2159 (roloniexisoxn

64 2181 299 2213 infeodabimus
323 2182 363 2214 de
388 2183 505 2214 eadem
529 2194 585 2214 scu
603 2184 834 2214 constituemus
859 2182 1051 2213 advocatum
1077 2186 1270 2223 perpetuum
1296 2182 1325 2211 in
1344 2181 1519 2211 advocacia
1544 2186 1724 2211 memorata

65 2237 97 2264 et
118 2234 376 2265 conservabimus
400 2235 431 2265 in
456 2235 581 2266 eadem.
629 2235 680 2266 Sic
705 2235 791 2276 quod
815 2235 970 2276 premissa
994 2244 1053 2264 nec
1080 2244 1190 2264 corum
1215 2233 1338 2274 aliquot
1362 2243 1421 2263 nec
1446 2244 1502 2262 nos
1526 2243 1583 2263 nec
1602 2232 1722 2263 Roma-

65 2296 175 2316 norum
198 2296 292 2327 reges
316 2286 356 2317 ab
381 2287 449 2328 ipso
468 2287 723 2328 archiepiscopo,
749 2288 813 2317 suis
837 2286 1076 2317 successoribus
1101 2290 1132 2316 et
1155 2285 1292 2316 ecclesia
1311 2284 1494 2315 Coloniensi
1521 2285 1723 2324 recipiemus,

65 2337 263 2377 auferemus,
294 2339 410 2379 recipi,
435 2339 554 2370 auferri
579 2339 821 2380 procurabimus
845 2349 903 2369 1100
927 2338 969 2369 ad
994 2339 1054 2368 ista
1078 2337 1288 2370 restituenda,
1314 2336 1505 2367 dimittenda
1523 2337 1572 2366 vel
1598 2336 1724 2366 delibe-

65 2388 163 2419 randa
187 2390 298 2430 quovis
326 2390 367 2420 ad
397 2390 458 2421 hoc
482 2391 597 2431 quisito
623 2391 730 2421 colore
760 2401 815 2421 eos
839 2390 1016 2421 artabimus
1040 2389 1091 2420 vel
1115 2390 1213 2420 artari
1238 2389 1393 2419 faciemus
1421 2392 1476 2418 aut
1501 2388 1724 2427 permittemus

65 2439 96 2470 in
119 2444 292 2481 posterum.
340 2441 405 2473 Sed
434 2443 465 2472 in
490 2443 707 2483 predictorum
742 2443 883 2473 omnium
917 2446 949 2473 et
980 2441 1178 2482 singulorum
1213 2441 1414 2481 possessione
1450 2443 1482 2469 et
1515 2439 1724 2479 pta-ceptitmo

66 2492 198 2532 pacifica
215 2493 475 2524 conservabimus
493 2498 525 2525 et
546 2494 737 2525 tenebimus.
756 2494 938 2525 conservari
956 2498 988 2524 et
1012 2493 1133 2524 tenerie
1152 2493 1316 2525 faci0nms‚
1343 2500 1509 2531 quousque
1535 2491 1594 2530 ipsi
1619 2490 1723 2520 archi-

67 2543 228 2584 episcopo,
252 2545 315 2575 suis
339 2545 576 2576 successoribus
601 2549 633 2576 et
658 2546 793 2577 ecclesie
812 2545 995 2576 Coloniensi
1021 2548 1149 2575 eentum
1175 2544 1262 2574 milia
1286 2553 1465 2573 marcarum
1492 2542 1562 2582 puri
1586 2542 1722 2581 argmiti,

66 2604 144 2634 quas
166 2595 227 2636 ipsi
251 2596 492 2638 archiepiscopo
519 2601 551 2627 et
575 2597 711 2628 ecclesie
737 2597 921 2628 Coloniensi
948 2602 1013 2627 tam
1044 2597 1073 2625 in
1098 2595 1399 2635 augmentacionem
1427 2592 1512 2623 feodi
1539 2594 1600 2623 sni.
1627 2602 1723 2632 quam

67 2647 223 2686 expensis,
249 2658 310 2688 que
328 2649 564 2688 premittuntur,
590 2649 673 2679 dono
699 2649 822 2682 damus,
848 2659 905 2689 per
929 2659 985 2678 nos
1003 2647 1052 2677 vel
1079 2650 1202 2677 nostros
1220 2656 1420 2676 succcssores
1440 2645 1555 2674 fuerint
1580 2643 1724 2684 plenarie

168 2747 231 2775 '257-
251 2750 273 2782 8)
294 2751 299 2775 i
319 2752 344 2775 ἰη
362 2760 459 2776 rasura
478 2761 515 2777 or.
613 2752 636 2783 b)
655 2761 710 2777 cum
726 2752 817 2784 parnis
835 2752 942 2776 rasuris
962 2760 998 2775 or.
1098 2751 1119 2781 ⁹)
1139 2755 1163 2774 et
1183 2759 1228 2773 nos·
1248 2750 1273 2773 ἱιι
1294 2757 1389 2772 rosaz-o
1409 2757 1446 2771 or.
1549 2747 1572 2775 ‘ll
1593 2756 1623 2772 ea
1643 2756 1725 2778 supra

67 2791 160 2816 lineam
179 2793 239 2818 add.
259 2803 295 2818 or.
384 2796 406 2825 e)
425 2796 490 2820 tueri
510 2804 546 2820 or.
